{"id":"gen9vgc2026regi-2553797310","format":"[Gen 9] VGC 2026 Reg I","players":["EllenJoe2026","Loiradotchan16"],"log":"|j|\u2606EllenJoe2026\n|j|\u2606Loiradotchan16\n|t:|1772882378\n|gametype|doubles\n|player|p1|EllenJoe2026|170|1470\n|player|p2|Loiradotchan16|265|1426\n|gen|9\n|tier|[Gen 9] VGC 2026 Reg I\n|rated|\n|rule|Species Clause: Limit one of each Pok\u00e9mon\n|rule|Item Clause: Limit 1 of each item\n|clearpoke\n|poke|p1|Calyrex-Shadow, L50|\n|poke|p1|Zamazenta-*, L50|\n|poke|p1|Chien-Pao, L50|\n|poke|p1|Dragonite, L50, F|\n|poke|p1|Amoonguss, L50, M|\n|poke|p1|Urshifu-*, L50, F|\n|poke|p2|Calyrex-Ice, L50|\n|poke|p2|Smeargle, L50, F|\n|poke|p2|Miraidon, L50|\n|poke|p2|Farigiraf, L50, F|\n|poke|p2|Iron Treads, L50|\n|poke|p2|Iron Hands, L50|\n|teampreview|4\n|inactive|Battle timer is ON: inactive players will automatically lose when time's up. (requested by Loiradotchan16)\n|inactive|EllenJoe2026 also wants the timer to be on.\n|inactive|EllenJoe2026 has 60 seconds left.\n|\n|t:|1772882426\n|teamsize|p1|4\n|teamsize|p2|4\n|start\n|switch|p1a: Urshifu|Urshifu, L50, F|100/100\n|switch|p1b: Chien-Pao|Chien-Pao, L50|100/100\n|switch|p2a: Smeargle|Smeargle, L50, F|100/100\n|switch|p2b: Miraidon|Miraidon, L50|100/100\n|-ability|p1b: Chien-Pao|Sword of Ruin\n|-fieldstart|move: Electric Terrain|[from] ability: Hadron Engine|[of] p2b: Miraidon\n|turn|1\n|inactive|EllenJoe2026 has 30 seconds left.\n|inactive|Loiradotchan16 has 30 seconds left.\n|\n|t:|1772882453\n|-terastallize|p2b: Miraidon|Fairy\n|move|p1a: Urshifu|Detect|p1a: Urshifu\n|-singleturn|p1a: Urshifu|Protect\n|move|p2a: Smeargle|Fake Out|p1b: Chien-Pao\n|-damage|p1b: Chien-Pao|94/100\n|cant|p1b: Chien-Pao|flinch\n|move|p2b: Miraidon|Dazzling Gleam|p1b: Chien-Pao|[spread] p1b\n|-activate|p1a: Urshifu|move: Protect\n|-supereffective|p1b: Chien-Pao\n|-damage|p1b: Chien-Pao|0 fnt\n|faint|p1b: Chien-Pao\n|\n|-ability|p2a: Smeargle|Moody|boost\n|-boost|p2a: Smeargle|spa|2\n|-unboost|p2a: Smeargle|spd|1\n|upkeep\n|\n|t:|1772882462\n|switch|p1b: Calyrex|Calyrex-Shadow, L50|100/100\n|-ability|p1b: Calyrex|As One\n|-ability|p1b: Calyrex|Unnerve\n|turn|2\n|-message|EllenJoe2026 forfeited.\n|\n|win|Loiradotchan16\n|raw|EllenJoe2026's rating: 1470 &rarr; <strong>1447</strong><br />(-23 for losing)\n|raw|Loiradotchan16's rating: 1426 &rarr; <strong>1449</strong><br />(+23 for winning)\n|l|\u2606EllenJoe2026\n|player|p1|\n|l|\u2606Loiradotchan16\n|player|p2|\n","uploadtime":1772882726,"views":15,"formatid":"gen9vgc2026regi","rating":1447,"private":0,"password":null}