{"id":"gen9vgc2026regi-2568464048","format":"[Gen 9] VGC 2026 Reg I","players":["hfyssgtslaaa","JarlomenVGC"],"log":"|j|\u2606hfyssgtslaaa\n|j|\u2606JarlomenVGC\n|t:|1774581430\n|gametype|doubles\n|player|p1|hfyssgtslaaa|101|1147\n|player|p2|JarlomenVGC|hiker-gen4|1087\n|gen|9\n|tier|[Gen 9] VGC 2026 Reg I\n|rated|\n|rule|Species Clause: Limit one of each Pok\u00e9mon\n|rule|Item Clause: Limit 1 of each item\n|clearpoke\n|poke|p1|Raging Bolt, L50|\n|poke|p1|Chien-Pao, L50|\n|poke|p1|Calyrex-Shadow, L50|\n|poke|p1|Rillaboom, L50, F|\n|poke|p1|Amoonguss, L50, M|\n|poke|p1|Zamazenta-*, L50|\n|poke|p2|Mewtwo, L50|\n|poke|p2|Moltres-Galar, L50|\n|poke|p2|Roaring Moon, L50|\n|poke|p2|Arcanine-Hisui, L50, M|\n|poke|p2|Tyranitar, L50, F|\n|poke|p2|Houndstone, L50, M|\n|teampreview|4\n|inactive|Battle timer is ON: inactive players will automatically lose when time's up. (requested by JarlomenVGC)\n|inactive|hfyssgtslaaa also wants the timer to be on.\n|inactive|JarlomenVGC has 60 seconds left.\n|\n|t:|1774581483\n|teamsize|p1|4\n|teamsize|p2|4\n|start\n|switch|p1a: Chien-Pao|Chien-Pao, L50|100/100\n|switch|p1b: Zamazenta|Zamazenta-Crowned, L50|100/100\n|switch|p2a: Moltres|Moltres-Galar, L50|100/100\n|switch|p2b: Roaring Moon|Roaring Moon, L50|100/100\n|-ability|p1a: Chien-Pao|Sword of Ruin\n|-ability|p1b: Zamazenta|Dauntless Shield|boost\n|-boost|p1b: Zamazenta|def|1\n|-enditem|p2b: Roaring Moon|Booster Energy\n|-activate|p2b: Roaring Moon|ability: Protosynthesis|[fromitem]\n|-start|p2b: Roaring Moon|protosynthesisspe\n|turn|1\n|inactive|hfyssgtslaaa has 30 seconds left.\n|inactive|JarlomenVGC has 30 seconds left.\n|inactive|JarlomenVGC has 20 seconds left.\n|inactive|JarlomenVGC has 15 seconds left.\n|\n|t:|1774581525\n|-terastallize|p2a: Moltres|Poison\n|move|p1a: Chien-Pao|Protect|p1a: Chien-Pao\n|-singleturn|p1a: Chien-Pao|Protect\n|move|p2b: Roaring Moon|Knock Off|p1a: Chien-Pao\n|-activate|p1a: Chien-Pao|move: Protect\n|move|p1b: Zamazenta|Body Press|p2a: Moltres\n|-resisted|p2a: Moltres\n|-damage|p2a: Moltres|44/100\n|-ability|p2a: Moltres|Berserk|boost\n|-boost|p2a: Moltres|spa|1\n|-enditem|p2a: Moltres|Sitrus Berry|[eat]\n|-heal|p2a: Moltres|69/100|[from] item: Sitrus Berry\n|move|p2a: Moltres|Nasty Plot|p2a: Moltres\n|-boost|p2a: Moltres|spa|2\n|\n|upkeep\n|turn|2\n|c|\u2606JarlomenVGC|holy shit that did way more than I thought it would lmfao\n|inactive|JarlomenVGC has 30 seconds left.\n|\n|t:|1774581555\n|-terastallize|p1a: Chien-Pao|Stellar\n|move|p1a: Chien-Pao|Sucker Punch|p2a: Moltres\n|-damage|p2a: Moltres|0 fnt\n|faint|p2a: Moltres\n|-damage|p1a: Chien-Pao|91/100|[from] item: Life Orb\n|move|p2b: Roaring Moon|Tailwind|p2b: Roaring Moon\n|-sidestart|p2: JarlomenVGC|move: Tailwind\n|move|p1b: Zamazenta|Body Press|p2b: Roaring Moon\n|-supereffective|p2b: Roaring Moon\n|-damage|p2b: Roaring Moon|0 fnt\n|faint|p2b: Roaring Moon\n|-end|p2b: Roaring Moon|Protosynthesis|[silent]\n|\n|upkeep\n|\n|t:|1774581567\n|switch|p2b: Houndstone|Houndstone, L50, M|100/100\n|switch|p2a: Tyranitar|Tyranitar, L50, F|100/100\n|-weather|Sandstorm|[from] ability: Sand Stream|[of] p2a: Tyranitar\n|turn|3\n|inactive|JarlomenVGC has 30 seconds left.\n|\n|t:|1774581599\n|move|p1a: Chien-Pao|Sucker Punch|p2b: Houndstone\n|-supereffective|p2b: Houndstone\n|-damage|p2b: Houndstone|0 fnt\n|faint|p2b: Houndstone\n|-damage|p1a: Chien-Pao|81/100|[from] item: Life Orb\n|move|p1b: Zamazenta|Body Press|p2a: Tyranitar\n|-supereffective|p2a: Tyranitar\n|-damage|p2a: Tyranitar|0 fnt\n|faint|p2a: Tyranitar\n|\n|win|hfyssgtslaaa\n|raw|hfyssgtslaaa's rating: 1147 &rarr; <strong>1168</strong><br />(+21 for winning)\n|raw|JarlomenVGC's rating: 1087 &rarr; <strong>1068</strong><br />(-19 for losing)\n|l|\u2606hfyssgtslaaa\n|player|p1|\n|l|\u2606JarlomenVGC\n|player|p2|\n","uploadtime":1774581754,"views":11,"formatid":"gen9vgc2026regi","rating":1068,"private":0,"password":null}