{"id":"gen9vgc2026regi-2552999787","format":"[Gen 9] VGC 2026 Reg I","players":["RandomcatFFR","RyushinYuki"],"log":"|j|\u2606RandomcatFFR\n|j|\u2606RyushinYuki\n|t:|1772782728\n|gametype|doubles\n|player|p1|RandomcatFFR|bugcatcher-gen4dp|1388\n|player|p2|RyushinYuki|roxie|1458\n|gen|9\n|tier|[Gen 9] VGC 2026 Reg I\n|rated|\n|rule|Species Clause: Limit one of each Pok\u00e9mon\n|rule|Item Clause: Limit 1 of each item\n|clearpoke\n|poke|p1|Lunala, L50|\n|poke|p1|Brute Bonnet, L50|\n|poke|p1|Ursaluna, L50, F|\n|poke|p1|Flutter Mane, L50|\n|poke|p1|Koraidon, L50|\n|poke|p1|Chi-Yu, L50|\n|poke|p2|Calyrex-Ice, L50|\n|poke|p2|Indeedee-F, L50, F|\n|poke|p2|Lunala, L50|\n|poke|p2|Smeargle, L50, M|\n|poke|p2|Murkrow, L50, M|\n|poke|p2|Torkoal, L50, M|\n|teampreview|4\n|inactive|Battle timer is ON: inactive players will automatically lose when time's up. (requested by RyushinYuki)\n|\n|t:|1772782772\n|teamsize|p1|4\n|teamsize|p2|4\n|start\n|switch|p1a: Evil Larry|Chi-Yu, L50|100/100\n|switch|p1b: Brute Bonnet|Brute Bonnet, L50|100/100\n|switch|p2a: Lunala|Lunala, L50|100/100\n|switch|p2b: Indeedee|Indeedee-F, L50, F|100/100\n|-ability|p1a: Evil Larry|Beads of Ruin\n|-fieldstart|move: Psychic Terrain|[from] ability: Psychic Surge|[of] p2b: Indeedee\n|turn|1\n|\n|t:|1772782786\n|-terastallize|p2a: Lunala|Water\n|move|p2b: Indeedee|Follow Me|p2b: Indeedee\n|-singleturn|p2b: Indeedee|move: Follow Me\n|move|p1a: Evil Larry|Snarl|p2a: Lunala|[spread] p2a,p2b\n|-supereffective|p2b: Indeedee\n|-damage|p2a: Lunala|89/100\n|-damage|p2b: Indeedee|35/100\n|-unboost|p2a: Lunala|spa|1\n|-unboost|p2b: Indeedee|spa|1\n|move|p2a: Lunala|Meteor Beam||[still]\n|-prepare|p2a: Lunala|Meteor Beam\n|-boost|p2a: Lunala|spa|1\n|-enditem|p2a: Lunala|Power Herb\n|-anim|p2a: Lunala|Meteor Beam|p1a: Evil Larry|[miss]\n|-miss|p2a: Lunala|p1a: Evil Larry\n|move|p1b: Brute Bonnet|Spore|p2b: Indeedee\n|-activate|p2b: Indeedee|item: Safety Goggles|Spore\n|\n|upkeep\n|turn|2\n|inactive|RyushinYuki has 30 seconds left.\n|-message|RyushinYuki forfeited.\n|\n|win|RandomcatFFR\n|raw|RandomcatFFR's rating: 1388 &rarr; <strong>1412</strong><br />(+24 for winning)\n|raw|RyushinYuki's rating: 1458 &rarr; <strong>1434</strong><br />(-24 for losing)\n|l|\u2606RyushinYuki\n|player|p2|\n|l|\u2606RandomcatFFR\n|player|p1|\n","uploadtime":1772783080,"views":15,"formatid":"gen9vgc2026regi","rating":1412,"private":0,"password":null}