{"id":"gen9vgc2026regi-2515842154","format":"[Gen 9] VGC 2026 Reg I","players":["defrnm","kojimuranishi"],"log":"|j|\u2606defrnm\n|j|\u2606kojimuranishi\n|t:|1768049728\n|gametype|doubles\n|player|p1|defrnm|iris-gen5bw2|1317\n|player|p2|kojimuranishi|266|1458\n|gen|9\n|tier|[Gen 9] VGC 2026 Reg I\n|rated|\n|rule|Species Clause: Limit one of each Pok\u00e9mon\n|rule|Item Clause: Limit 1 of each item\n|clearpoke\n|poke|p1|Kyogre, L50|\n|poke|p1|Calyrex-Ice, L50|\n|poke|p1|Rillaboom, L50, M|\n|poke|p1|Tornadus, L50, M|\n|poke|p1|Incineroar, L50, M|\n|poke|p1|Smeargle, L50, F|\n|poke|p2|Raging Bolt, L50|\n|poke|p2|Calyrex-Ice, L50|\n|poke|p2|Kyogre, L50|\n|poke|p2|Indeedee-F, L50, F|\n|poke|p2|Landorus, L50, M|\n|poke|p2|Urshifu-*, L50, F|\n|teampreview|4\n|inactive|Battle timer is ON: inactive players will automatically lose when time's up. (requested by defrnm)\n|inactive|kojimuranishi has 60 seconds left.\n|inactive|kojimuranishi has 30 seconds left.\n|inactive|kojimuranishi has 20 seconds left.\n|inactive|kojimuranishi has 15 seconds left.\n|inactive|kojimuranishi has 10 seconds left.\n|\n|t:|1768049811\n|teamsize|p1|4\n|teamsize|p2|4\n|start\n|switch|p1a: Calyrex|Calyrex-Ice, L50|100/100\n|switch|p1b: Kyogre|Kyogre, L50|100/100\n|switch|p2a: Urshifu|Urshifu-Rapid-Strike, L50, F|100/100\n|switch|p2b: Calyrex|Calyrex-Ice, L50|100/100\n|-ability|p1a: Calyrex|As One\n|-ability|p1a: Calyrex|Unnerve\n|-ability|p2b: Calyrex|As One\n|-ability|p2b: Calyrex|Unnerve\n|-weather|RainDance|[from] ability: Drizzle|[of] p1b: Kyogre\n|turn|1\n|inactive|defrnm has 30 seconds left.\n|\n|t:|1768049837\n|-terastallize|p1a: Calyrex|Grass\n|move|p2b: Calyrex|Protect|p2b: Calyrex\n|-singleturn|p2b: Calyrex|Protect\n|move|p1b: Kyogre|Water Spout|p2a: Urshifu|[spread] p2a\n|-activate|p2b: Calyrex|move: Protect\n|-resisted|p2a: Urshifu\n|-damage|p2a: Urshifu|24/100\n|move|p2a: Urshifu|Close Combat|p1b: Kyogre\n|-damage|p1b: Kyogre|23/100\n|-unboost|p2a: Urshifu|def|1\n|-unboost|p2a: Urshifu|spd|1\n|move|p1a: Calyrex|Imprison|p1a: Calyrex\n|-start|p1a: Calyrex|move: Imprison\n|\n|-weather|RainDance|[upkeep]\n|upkeep\n|turn|2\n|inactive|kojimuranishi has 30 seconds left.\n|inactive|kojimuranishi has 20 seconds left.\n|inactive|kojimuranishi has 15 seconds left.\n|inactive|kojimuranishi has 10 seconds left.\n|inactive|defrnm has 30 seconds left.\n|inactive|kojimuranishi has 5 seconds left.\n|\n|t:|1768049890\n|switch|p2b: Kyogre|Kyogre, L50|100/100\n|move|p1b: Kyogre|Water Spout|p2a: Urshifu|[spread] p2a,p2b\n|-resisted|p2a: Urshifu\n|-resisted|p2b: Kyogre\n|-damage|p2a: Urshifu|0 fnt\n|-damage|p2b: Kyogre|92/100\n|faint|p2a: Urshifu\n|move|p1a: Calyrex|Leech Seed|p2b: Kyogre\n|-start|p2b: Kyogre|move: Leech Seed\n|\n|-weather|RainDance|[upkeep]\n|-damage|p2b: Kyogre|79/100|[from] Leech Seed|[of] p1a: Calyrex\n|upkeep\n|\n|t:|1768049903\n|switch|p2a: Indeedee|Indeedee-F, L50, F|100/100\n|-fieldstart|move: Psychic Terrain|[from] ability: Psychic Surge|[of] p2a: Indeedee\n|turn|3\n|\n|t:|1768049912\n|switch|p1b: Rillaboom|Rillaboom, L50, M|100/100\n|-fieldstart|move: Grassy Terrain|[from] ability: Grassy Surge|[of] p1b: Rillaboom\n|move|p2b: Kyogre|Origin Pulse|p1a: Calyrex|[spread] p1a,p1b\n|-resisted|p1a: Calyrex\n|-resisted|p1b: Rillaboom\n|-damage|p1a: Calyrex|77/100\n|-damage|p1b: Rillaboom|79/100\n|move|p2a: Indeedee|Heal Pulse|p2b: Kyogre\n|-heal|p2b: Kyogre|100/100\n|move|p1a: Calyrex|Glacial Lance|p2a: Indeedee|[spread] p2a,p2b\n|-resisted|p2b: Kyogre\n|-damage|p2a: Indeedee|46/100\n|-damage|p2b: Kyogre|68/100\n|\n|-weather|RainDance|[upkeep]\n|-heal|p2b: Kyogre|74/100|[from] Grassy Terrain\n|-heal|p1b: Rillaboom|85/100|[from] Grassy Terrain\n|-heal|p2a: Indeedee|52/100|[from] Grassy Terrain\n|-heal|p1a: Calyrex|83/100|[from] Grassy Terrain\n|-heal|p1a: Calyrex|89/100|[from] item: Leftovers\n|-damage|p2b: Kyogre|62/100|[from] Leech Seed|[of] p1a: Calyrex\n|-heal|p1a: Calyrex|99/100|[silent]\n|upkeep\n|turn|4\n|inactive|kojimuranishi has 30 seconds left.\n|-message|kojimuranishi forfeited.\n|\n|win|defrnm\n|raw|defrnm's rating: 1317 &rarr; <strong>1345</strong><br />(+28 for winning)\n|raw|kojimuranishi's rating: 1458 &rarr; <strong>1430</strong><br />(-28 for losing)\n|l|\u2606kojimuranishi\n|player|p2|\n","uploadtime":1768049957,"views":21,"formatid":"gen9vgc2026regi","rating":1345,"private":0,"password":null}