{"id":"gen9vgc2026regi-2583849275","format":"[Gen 9] VGC 2026 Reg I","players":["lalo's pollos","FRESHmustard"],"log":"|j|\u2606lalo's pollos\n|j|\u2606FRESHmustard\n|t:|1776202510\n|gametype|doubles\n|player|p1|lalo's pollos|266|1472\n|player|p2|FRESHmustard|clair|1432\n|gen|9\n|tier|[Gen 9] VGC 2026 Reg I\n|rated|\n|rule|Species Clause: Limit one of each Pok\u00e9mon\n|rule|Item Clause: Limit 1 of each item\n|clearpoke\n|poke|p1|Miraidon, L50|\n|poke|p1|Landorus, L50, M|\n|poke|p1|Incineroar, L50, M|\n|poke|p1|Iron Bundle, L50|\n|poke|p1|Farigiraf, L50, M|\n|poke|p1|Calyrex-Ice, L50|\n|poke|p2|Lunala, L50|\n|poke|p2|Ursaluna, L50, M|\n|poke|p2|Urshifu-*, L50, M|\n|poke|p2|Miraidon, L50|\n|poke|p2|Grimmsnarl, L50, M|\n|poke|p2|Incineroar, L50, F|\n|teampreview|4\n|\n|t:|1776202546\n|teamsize|p1|4\n|teamsize|p2|4\n|start\n|switch|p1a: Co-Star|Miraidon, L50|100/100\n|switch|p1b: Calyrex|Calyrex-Ice, L50|100/100\n|switch|p2a: Urshifu|Urshifu-Rapid-Strike, L50, M|100/100\n|switch|p2b: Lunala|Lunala, L50|100/100\n|-ability|p1b: Calyrex|As One\n|-ability|p1b: Calyrex|Unnerve\n|-fieldstart|move: Electric Terrain|[from] ability: Hadron Engine|[of] p1a: Co-Star\n|-enditem|p2b: Lunala|Electric Seed\n|-boost|p2b: Lunala|def|1|[from] item: Electric Seed\n|turn|1\n|\n|t:|1776202571\n|switch|p2a: Ursaluna|Ursaluna, L50, M|100/100\n|move|p1a: Co-Star|Volt Switch|p2b: Lunala\n|-crit|p2b: Lunala\n|-damage|p2b: Lunala|49/100\n|\n|t:|1776202578\n|switch|p1a: Incineroar|Incineroar, L50, M|100/100|[from] Volt Switch\n|-ability|p1a: Incineroar|Intimidate|boost\n|-unboost|p2a: Ursaluna|atk|1\n|-unboost|p2b: Lunala|atk|1\n|move|p1b: Calyrex|Glacial Lance|p2a: Ursaluna|[spread] p2a,p2b\n|-supereffective|p2a: Ursaluna\n|-damage|p2a: Ursaluna|5/100\n|-damage|p2b: Lunala|18/100\n|move|p2b: Lunala|Trick Room|p2b: Lunala\n|-fieldstart|move: Trick Room|[of] p2b: Lunala\n|\n|-status|p2a: Ursaluna|brn|[from] item: Flame Orb\n|upkeep\n|turn|2\n|\n|t:|1776202596\n|move|p1a: Incineroar|Fake Out|p2a: Ursaluna\n|-damage|p2a: Ursaluna|0 fnt\n|faint|p2a: Ursaluna\n|move|p1b: Calyrex|Glacial Lance|p2b: Lunala\n|-damage|p2b: Lunala|0 fnt\n|faint|p2b: Lunala\n|-ability|p1b: Calyrex|Chilling Neigh|boost\n|-boost|p1b: Calyrex|atk|1\n|\n|upkeep\n|-message|FRESHmustard forfeited.\n|\n|win|lalo's pollos\n|raw|lalo&apos;s pollos's rating: 1472 &rarr; <strong>1490</strong><br />(+18 for winning)\n|raw|FRESHmustard's rating: 1432 &rarr; <strong>1414</strong><br />(-18 for losing)\n|l|\u2606FRESHmustard\n|player|p2|\n","uploadtime":1776202607,"views":10,"formatid":"gen9vgc2026regi","rating":1414,"private":0,"password":null}