{"id":"gen9vgc2026regi-2579588978","format":"[Gen 9] VGC 2026 Reg I","players":["yaochangzhe","maxisbest"],"log":"|j|\u2606yaochangzhe\n|j|\u2606maxisbest\n|t:|1775802099\n|gametype|doubles\n|player|p1|yaochangzhe|266|1478\n|player|p2|maxisbest|169|1430\n|gen|9\n|tier|[Gen 9] VGC 2026 Reg I\n|rated|\n|rule|Species Clause: Limit one of each Pok\u00e9mon\n|rule|Item Clause: Limit 1 of each item\n|clearpoke\n|poke|p1|Kyogre, L50|\n|poke|p1|Calyrex-Ice, L50|\n|poke|p1|Urshifu-*, L50, M|\n|poke|p1|Grimmsnarl, L50, M|\n|poke|p1|Landorus, L50, M|\n|poke|p1|Rillaboom, L50, M|\n|poke|p2|Kyogre, L50|\n|poke|p2|Archaludon, L50, F|\n|poke|p2|Ogerpon-Wellspring, L50, F|\n|poke|p2|Tornadus, L50, M|\n|poke|p2|Urshifu-*, L50, M|\n|poke|p2|Zacian-*, L50|\n|teampreview|4\n|inactive|Battle timer is ON: inactive players will automatically lose when time's up. (requested by maxisbest)\n|\n|t:|1775802117\n|teamsize|p1|4\n|teamsize|p2|4\n|start\n|switch|p1a: Urshifu|Urshifu-Rapid-Strike, L50, M|100/100\n|switch|p1b: Calyrex|Calyrex-Ice, L50|100/100\n|switch|p2a: Tornadus|Tornadus, L50, M|100/100\n|switch|p2b: Ogerpon|Ogerpon-Wellspring, L50, F|100/100\n|-ability|p1b: Calyrex|As One\n|-ability|p1b: Calyrex|Unnerve\n|turn|1\n|j| TheManOfSausage\n|inactive|yaochangzhe has 30 seconds left.\n|\n|t:|1775802146\n|-terastallize|p2b: Ogerpon|Water\n|detailschange|p2b: Ogerpon|Ogerpon-Wellspring-Tera, L50, F, tera:Water\n|-ability|p2b: Ogerpon|Embody Aspect (Wellspring)|boost\n|-boost|p2b: Ogerpon|spd|1\n|move|p1a: Urshifu|U-turn|p2b: Ogerpon\n|-damage|p2b: Ogerpon|70/100\n|\n|t:|1775802153\n|switch|p1a: Kyogre|Kyogre, L50|100/100|[from] U-turn\n|-weather|RainDance|[from] ability: Drizzle|[of] p1a: Kyogre\n|move|p2a: Tornadus|Bleakwind Storm|p1a: Kyogre|[spread] p1a,p1b\n|-damage|p1a: Kyogre|83/100\n|-damage|p1b: Calyrex|80/100\n|-unboost|p1a: Kyogre|spe|1\n|move|p2b: Ogerpon|Ivy Cudgel|p1b: Calyrex|[anim] Ivy Cudgel Water\n|-damage|p1b: Calyrex|0 fnt\n|faint|p1b: Calyrex\n|\n|-weather|RainDance|[upkeep]\n|upkeep\n|inactive|yaochangzhe has 30 seconds left.\n|\n|t:|1775802183\n|switch|p1b: Landorus|Landorus, L50, M|100/100\n|turn|2\n|\n|t:|1775802197\n|move|p1b: Landorus|Protect|p1b: Landorus\n|-singleturn|p1b: Landorus|Protect\n|move|p2a: Tornadus|Tailwind|p2a: Tornadus\n|-sidestart|p2: maxisbest|move: Tailwind\n|move|p2b: Ogerpon|Horn Leech|p1a: Kyogre\n|-supereffective|p1a: Kyogre\n|-damage|p1a: Kyogre|0 fnt\n|-heal|p2b: Ogerpon|100/100|[from] drain|[of] p1a: Kyogre\n|faint|p1a: Kyogre\n|\n|-weather|RainDance|[upkeep]\n|upkeep\n|inactive|yaochangzhe has 30 seconds left.\n|\n|t:|1775802222\n|switch|p1a: Urshifu|Urshifu-Rapid-Strike, L50, M|100/100\n|turn|3\n|inactive|yaochangzhe has 30 seconds left.\n|\n|t:|1775802257\n|move|p2a: Tornadus|Bleakwind Storm|p1b: Landorus|[spread] p1a,p1b\n|-supereffective|p1a: Urshifu\n|-damage|p1a: Urshifu|0 fnt\n|-damage|p1b: Landorus|63/100\n|faint|p1a: Urshifu\n|move|p2b: Ogerpon|Ivy Cudgel|p1b: Landorus|[anim] Ivy Cudgel Water\n|-supereffective|p1b: Landorus\n|-damage|p1b: Landorus|0 fnt\n|faint|p1b: Landorus\n|\n|win|maxisbest\n|raw|yaochangzhe's rating: 1478 &rarr; <strong>1455</strong><br />(-23 for losing)\n|raw|maxisbest's rating: 1430 &rarr; <strong>1453</strong><br />(+23 for winning)\n|l|\u2606yaochangzhe\n|player|p1|\n|l| TheManOfSausage\n|l|\u2606maxisbest\n|player|p2|\n","uploadtime":1775802433,"views":9,"formatid":"gen9vgc2026regi","rating":1453,"private":0,"password":null}