{"id":"gen9vgc2026regi-2517697077","format":"[Gen 9] VGC 2026 Reg I","players":["fogdocker","Lei43"],"log":"|j|\u2606fogdocker\n|j|\u2606Lei43\n|t:|1768299937\n|gametype|doubles\n|player|p1|fogdocker|101|1242\n|player|p2|Lei43|2|1249\n|gen|9\n|tier|[Gen 9] VGC 2026 Reg I\n|rated|\n|rule|Species Clause: Limit one of each Pok\u00e9mon\n|rule|Item Clause: Limit 1 of each item\n|clearpoke\n|poke|p1|Koraidon, L50|\n|poke|p1|Calyrex-Shadow, L50|\n|poke|p1|Incineroar, L50, M|\n|poke|p1|Rillaboom, L50, M|\n|poke|p1|Whimsicott, L50, F|\n|poke|p1|Flutter Mane, L50|\n|poke|p2|Giratina-Origin, L50|\n|poke|p2|Regieleki, L50|\n|poke|p2|Rillaboom, L50, F|\n|poke|p2|Zamazenta-*, L50|\n|poke|p2|Chien-Pao, L50|\n|poke|p2|Dragonite, L50, F|\n|teampreview|4\n|\n|t:|1768299976\n|teamsize|p1|4\n|teamsize|p2|4\n|start\n|switch|p1a: Koraidon|Koraidon, L50|100/100\n|switch|p1b: Flutter Mane|Flutter Mane, L50|100/100\n|switch|p2a: Dragonite|Dragonite, L50, F|100/100\n|switch|p2b: Chien-Pao|Chien-Pao, L50|100/100\n|-weather|SunnyDay|[from] ability: Orichalcum Pulse|[of] p1a: Koraidon\n|-activate|p1b: Flutter Mane|ability: Protosynthesis\n|-start|p1b: Flutter Mane|protosynthesisspe\n|-activate|p1a: Koraidon|Orichalcum Pulse|[source]\n|-ability|p2b: Chien-Pao|Sword of Ruin\n|turn|1\n|\n|t:|1768300015\n|-terastallize|p1a: Koraidon|Fire\n|move|p2b: Chien-Pao|Protect|p2b: Chien-Pao\n|-singleturn|p2b: Chien-Pao|Protect\n|move|p1b: Flutter Mane|Dazzling Gleam|p2a: Dragonite|[spread] p2a\n|-activate|p2b: Chien-Pao|move: Protect\n|-supereffective|p2a: Dragonite\n|-damage|p2a: Dragonite|17/100\n|move|p1a: Koraidon|Flame Charge|p2b: Chien-Pao\n|-activate|p2b: Chien-Pao|move: Protect\n|move|p2a: Dragonite|Rock Slide|p1b: Flutter Mane|[spread] p1a,p1b\n|-supereffective|p1a: Koraidon\n|-damage|p1a: Koraidon|29/100\n|-damage|p1b: Flutter Mane|11/100\n|-damage|p2a: Dragonite|8/100|[from] item: Life Orb\n|\n|-weather|SunnyDay|[upkeep]\n|upkeep\n|turn|2\n|\n|t:|1768300037\n|-end|p1b: Flutter Mane|Protosynthesis|[silent]\n|switch|p1b: Calyrex|Calyrex-Shadow, L50|100/100\n|-ability|p1b: Calyrex|As One\n|-ability|p1b: Calyrex|Unnerve\n|move|p1a: Koraidon|Protect|p1a: Koraidon\n|-singleturn|p1a: Koraidon|Protect\n|move|p2a: Dragonite|Extreme Speed|p1a: Koraidon\n|-activate|p1a: Koraidon|move: Protect\n|move|p2b: Chien-Pao|Ice Shard|p1b: Calyrex\n|-crit|p1b: Calyrex\n|-damage|p1b: Calyrex|43/100\n|\n|-weather|SunnyDay|[upkeep]\n|upkeep\n|turn|3\n|\n|t:|1768300072\n|switch|p1a: Incineroar|Incineroar, L50, M|100/100\n|-ability|p1a: Incineroar|Intimidate|boost\n|-fail|p2a: Dragonite|unboost|Attack|[from] ability: Inner Focus|[of] p2a: Dragonite\n|-unboost|p2b: Chien-Pao|atk|1\n|move|p2a: Dragonite|Extreme Speed|p1a: Incineroar\n|-crit|p1a: Incineroar\n|-damage|p1a: Incineroar|42/100\n|-damage|p2a: Dragonite|0 fnt|[from] item: Life Orb\n|faint|p2a: Dragonite\n|move|p2b: Chien-Pao|Ice Shard|p1b: Calyrex\n|-damage|p1b: Calyrex|20/100\n|move|p1b: Calyrex|Astral Barrage|p2b: Chien-Pao\n|-resisted|p2b: Chien-Pao\n|-damage|p2b: Chien-Pao|40/100\n|\n|-weather|SunnyDay|[upkeep]\n|upkeep\n|\n|t:|1768300090\n|switch|p2a: Giratina|Giratina-Origin, L50|100/100\n|turn|4\n|\n|t:|1768300111\n|switch|p2b: Regieleki|Regieleki, L50|100/100\n|move|p1a: Incineroar|Fake Out|p2b: Regieleki\n|-damage|p2b: Regieleki|81/100\n|move|p2a: Giratina|Shadow Sneak|p1b: Calyrex\n|-supereffective|p1b: Calyrex\n|-damage|p1b: Calyrex|0 fnt\n|faint|p1b: Calyrex\n|\n|-weather|SunnyDay|[upkeep]\n|upkeep\n|-message|fogdocker forfeited.\n|\n|win|Lei43\n|raw|fogdocker's rating: 1242 &rarr; <strong>1218</strong><br />(-24 for losing)\n|raw|Lei43's rating: 1249 &rarr; <strong>1273</strong><br />(+24 for winning)\n|l|\u2606fogdocker\n|player|p1|\n","uploadtime":1768300127,"views":20,"formatid":"gen9vgc2026regi","rating":1218,"private":0,"password":null}