{"id":"gen9vgc2026regi-2577573625","format":"[Gen 9] VGC 2026 Reg I","players":["dman12352","ppyyy"],"log":"|j|\u2606dman12352\n|j|\u2606ppyyy\n|html|<table width=\"100%\"><tr><td align=\"left\">dman12352</td><td align=\"right\">ppyyy</tr><tr><td align=\"left\"><i class=\"fa fa-circle\"></i> <i class=\"fa fa-circle-o\"></i> </td><td align=\"right\"><i class=\"fa fa-circle-o\"></i> <i class=\"fa fa-circle\"></i> </tr></table>\n|uhtml|bestof|<h2><strong>Game 3</strong> of <a href=\"/game-bestof3-gen9vgc2026regi-2577564462\">a best-of-3</a></h2>\n|t:|1775587109\n|gametype|doubles\n|player|p1|dman12352|brycenman|\n|player|p2|ppyyy|elesa-gen5bw2|\n|gen|9\n|tier|[Gen 9] VGC 2026 Reg I\n|rated|Tournament battle\n|rule|Species Clause: Limit one of each Pok\u00e9mon\n|rule|Item Clause: Limit 1 of each item\n|raw|<div class=\"infobox\"><details class=\"readmore\" open><summary><strong>4 custom rules:</strong></summary> Open Team Sheets, Force Open Team Sheets, !Open Team Sheets, Best of = 3</details></div>\n|clearpoke\n|poke|p1|Incineroar, L50, M|\n|poke|p1|Calyrex-Shadow, L50|\n|poke|p1|Iron Bundle, L50|\n|poke|p1|Koraidon, L50|\n|poke|p1|Raging Bolt, L50|\n|poke|p1|Kingambit, L50, F|\n|poke|p2|Scream Tail, L50|\n|poke|p2|Rillaboom, L50, F|\n|poke|p2|Urshifu-*, L50, F|\n|poke|p2|Incineroar, L50, M|\n|poke|p2|Lunala, L50|\n|poke|p2|Zamazenta-*, L50|\n|teampreview|4\n|showteam|p1|Incineroar||RockyHelmet|Intimidate|FlareBlitz,Taunt,FakeOut,PartingShot|||M|||50|,,,,,Bug]Calyrex-Shadow||FocusSash|AsOneSpectrier|AstralBarrage,Psychic,Protect,Disable||||||50|,,,,,Dark]Iron Bundle||BoosterEnergy|QuarkDrive|FreezeDry,IcyWind,Protect,Encore||||||50|,,,,,Ghost]Koraidon||ClearAmulet|OrichalcumPulse|CollisionCourse,FlareBlitz,FlameCharge,Protect||||||50|,,,,,Fire]Raging Bolt||AssaultVest|Protosynthesis|VoltSwitch,DracoMeteor,Thunderclap,Snarl||||||50|,,,,,Fairy]Kingambit||BlackGlasses|Defiant|IronHead,KowtowCleave,SuckerPunch,Protect|||F|||50|,,,,,Fire\n|showteam|p2|Scream Tail||BoosterEnergy|Protosynthesis|DazzlingGleam,Encore,Disable,Protect||||||50|,,,,,Dark]Rillaboom||AssaultVest|GrassySurge|FakeOut,WoodHammer,GrassyGlide,Uturn|||F|||50|,,,,,Fire]Urshifu-Rapid-Strike||FocusSash|UnseenFist|SurgingStrikes,AquaJet,Taunt,Detect|||F|||50|,,,,,Grass]Incineroar||CovertCloak|Intimidate|FakeOut,WillOWisp,KnockOff,PartingShot|||M|||50|,,,,,Bug]Lunala||Leftovers|ShadowShield|MoongeistBeam,Moonblast,CalmMind,Protect||||||50|,,,,,Fairy]Zamazenta-Crowned||RustedShield|DauntlessShield|BodyPress,HeavySlam,WideGuard,Protect||||||50|,,,,,Ghost\n|inactive|Battle timer is ON: inactive players will automatically lose when time's up. (requested by dman12352)\n|c|\u2606dman12352|gl hf\n|c|\u2606ppyyy|u2\n|j| silverhaffling01\n|l| silverhaffling01\n|\n|t:|1775587133\n|teamsize|p1|4\n|teamsize|p2|4\n|start\n|switch|p1a: Koraidon|Koraidon, L50|100/100\n|switch|p1b: Iron Bundle|Iron Bundle, L50|100/100\n|switch|p2a: Rillaboom|Rillaboom, L50, F|100/100\n|switch|p2b: Zamazenta|Zamazenta-Crowned, L50|100/100\n|-weather|SunnyDay|[from] ability: Orichalcum Pulse|[of] p1a: Koraidon\n|-activate|p1a: Koraidon|Orichalcum Pulse|[source]\n|-ability|p2b: Zamazenta|Dauntless Shield|boost\n|-boost|p2b: Zamazenta|def|1\n|-fieldstart|move: Grassy Terrain|[from] ability: Grassy Surge|[of] p2a: Rillaboom\n|-enditem|p1b: Iron Bundle|Booster Energy\n|-activate|p1b: Iron Bundle|ability: Quark Drive|[fromitem]\n|-start|p1b: Iron Bundle|quarkdrivespe\n|turn|1\n|\n|t:|1775587150\n|switch|p2a: Lunala|Lunala, L50|100/100\n|move|p1b: Iron Bundle|Protect|p1b: Iron Bundle\n|-singleturn|p1b: Iron Bundle|Protect\n|move|p1a: Koraidon|Protect|p1a: Koraidon\n|-singleturn|p1a: Koraidon|Protect\n|move|p2b: Zamazenta|Heavy Slam|p1b: Iron Bundle\n|-activate|p1b: Iron Bundle|move: Protect\n|\n|-weather|SunnyDay|[upkeep]\n|upkeep\n|turn|2\n|j|@Radio Free C-Side\n|\n|t:|1775587169\n|-terastallize|p1a: Koraidon|Fire\n|-terastallize|p2a: Lunala|Fairy\n|move|p1b: Iron Bundle|Icy Wind|p2b: Zamazenta|[spread] p2a,p2b\n|-resisted|p2b: Zamazenta\n|-damage|p2a: Lunala|94/100\n|-damage|p2b: Zamazenta|93/100\n|-unboost|p2a: Lunala|spe|1\n|-unboost|p2b: Zamazenta|spe|1\n|move|p1a: Koraidon|Flare Blitz|p2a: Lunala\n|-damage|p2a: Lunala|0 fnt\n|faint|p2a: Lunala\n|-damage|p1a: Koraidon|64/100|[from] Recoil\n|move|p2b: Zamazenta|Body Press|p1b: Iron Bundle\n|-supereffective|p1b: Iron Bundle\n|-damage|p1b: Iron Bundle|0 fnt\n|faint|p1b: Iron Bundle\n|-end|p1b: Iron Bundle|Quark Drive|[silent]\n|\n|-weather|SunnyDay|[upkeep]\n|-heal|p1a: Koraidon|70/100|[from] Grassy Terrain\n|-heal|p2b: Zamazenta|99/100|[from] Grassy Terrain\n|upkeep\n|j| the main flutter\n|\n|t:|1775587191\n|switch|p1b: Kingambit|Kingambit, L50, F|100/100\n|switch|p2a: Scream Tail|Scream Tail, L50|100/100\n|-activate|p2a: Scream Tail|ability: Protosynthesis\n|-start|p2a: Scream Tail|protosynthesisspe\n|turn|3\n|inactive|ppyyy has 30 seconds left.\n|inactive|dman12352 has 30 seconds left.\n|\n|t:|1775587230\n|move|p2a: Scream Tail|Protect|p2a: Scream Tail\n|-singleturn|p2a: Scream Tail|Protect\n|move|p2b: Zamazenta|Protect|p2b: Zamazenta\n|-singleturn|p2b: Zamazenta|Protect\n|move|p1a: Koraidon|Collision Course|p2b: Zamazenta\n|-activate|p2b: Zamazenta|move: Protect\n|move|p1b: Kingambit|Kowtow Cleave|p2a: Scream Tail\n|-activate|p2a: Scream Tail|move: Protect\n|\n|-weather|SunnyDay|[upkeep]\n|-heal|p1a: Koraidon|76/100|[from] Grassy Terrain\n|-heal|p2b: Zamazenta|100/100|[from] Grassy Terrain\n|upkeep\n|turn|4\n|\n|t:|1775587249\n|switch|p1b: Calyrex|Calyrex-Shadow, L50|100/100\n|-ability|p1b: Calyrex|As One\n|-ability|p1b: Calyrex|Unnerve\n|move|p2a: Scream Tail|Encore||[still]\n|-fail|p2a: Scream Tail\n|move|p1a: Koraidon|Flare Blitz|p2b: Zamazenta\n|-supereffective|p2b: Zamazenta\n|-damage|p2b: Zamazenta|0 fnt\n|faint|p2b: Zamazenta\n|-damage|p1a: Koraidon|44/100|[from] Recoil\n|\n|-weather|SunnyDay|[upkeep]\n|-heal|p1a: Koraidon|50/100|[from] Grassy Terrain\n|upkeep\n|l| the main flutter\n|\n|t:|1775587268\n|switch|p2b: Rillaboom|Rillaboom, L50, F|100/100\n|turn|5\n|\n|t:|1775587278\n|move|p2a: Scream Tail|Encore|p1a: Koraidon\n|-start|p1a: Koraidon|Encore\n|move|p1b: Calyrex|Astral Barrage|p2b: Rillaboom|[spread] p2a,p2b\n|-supereffective|p2a: Scream Tail\n|-damage|p2a: Scream Tail|16/100\n|-damage|p2b: Rillaboom|65/100\n|move|p1a: Koraidon|Flare Blitz|p2b: Rillaboom\n|-supereffective|p2b: Rillaboom\n|-damage|p2b: Rillaboom|0 fnt\n|faint|p2b: Rillaboom\n|-damage|p1a: Koraidon|28/100|[from] Recoil\n|\n|-weather|none\n|-end|p2a: Scream Tail|Protosynthesis\n|-heal|p2a: Scream Tail|22/100|[from] Grassy Terrain\n|-heal|p1a: Koraidon|34/100|[from] Grassy Terrain\n|-fieldend|move: Grassy Terrain\n|upkeep\n|-enditem|p2a: Scream Tail|Booster Energy\n|-activate|p2a: Scream Tail|ability: Protosynthesis|[fromitem]\n|-start|p2a: Scream Tail|protosynthesisspe\n|turn|6\n|c|\u2606ppyyy|ggwp\n|c|\u2606dman12352|ggs\n|c|\u2606ppyyy|koraidon too good\n|-message|ppyyy forfeited.\n|\n|win|dman12352\n|c|\u2606dman12352|I have been playing this team for 2 years lmao\n|c|\u2606ppyyy|lol\n|c|\u2606dman12352|I day twod naic with it\n|c|\u2606ppyyy|i built this yesterday\n|c|\u2606ppyyy|:)\n|c|\u2606dman12352|fair\n|c|\u2606dman12352|I think there is someone better than lunala\n|c|\u2606ppyyy|started off with eternatus sableeye lol\n|c|\u2606dman12352|I think its really good but I dont htink lunala is the play here\n|c|\u2606ppyyy|lunala cooks some matchups\n|c|\u2606ppyyy|but it might be a dead end\n|l|+Radio Free C-Side\n|c|\u2606ppyyy|still pretty happy with the team\n|c|\u2606dman12352|its just were in a restricted format and you dont have something that can blow up other resrticteds\n|c|\u2606dman12352|like a calyrex koraidon mirai\n|c|\u2606ppyyy|true\n|c|\u2606dman12352|I mean honestly tera water zac might work\n|c|\u2606ppyyy|with those you only need one turn right\n|c|\u2606dman12352|yea\n|c|\u2606ppyyy|i get several predicts and i doesn't get me far\n|c|\u2606ppyyy|and csr one astral barrage predicting no wide guard gg\n|c|\u2606dman12352|yea if I kill zama you lose\n|c|\u2606ppyyy|ggs tho\n","uploadtime":1775587294,"views":15,"formatid":"gen9vgc2026regi","rating":null,"private":0,"password":null}