{"id":"gen9vgc2026regi-2578822498","format":"[Gen 9] VGC 2026 Reg I","players":["yaochangzhe","Hao_poke"],"log":"|j|\u2606yaochangzhe\n|j|\u2606Hao_poke\n|t:|1775723383\n|gametype|doubles\n|player|p1|yaochangzhe|170|1385\n|player|p2|Hao_poke|170|1355\n|gen|9\n|tier|[Gen 9] VGC 2026 Reg I\n|rated|\n|rule|Species Clause: Limit one of each Pok\u00e9mon\n|rule|Item Clause: Limit 1 of each item\n|clearpoke\n|poke|p1|Dondozo, L50, M|\n|poke|p1|Tatsugiri, L50, F|\n|poke|p1|Incineroar, L50, M|\n|poke|p1|Iron Bundle, L50|\n|poke|p1|Calyrex-Ice, L50|\n|poke|p1|Miraidon, L50|\n|poke|p2|Indeedee-F, L50, F|\n|poke|p2|Calyrex-Ice, L50|\n|poke|p2|Kyogre, L50|\n|poke|p2|Hatterene, L50, F|\n|poke|p2|Dragonite, L50, M|\n|poke|p2|Chien-Pao, L50|\n|teampreview|4\n|inactive|Battle timer is ON: inactive players will automatically lose when time's up. (requested by Hao_poke)\n|inactive|Hao_poke has 60 seconds left.\n|\n|t:|1775723433\n|teamsize|p1|4\n|teamsize|p2|4\n|start\n|switch|p1a: Iron Bundle|Iron Bundle, L50, shiny|100/100\n|switch|p1b: Miraidon|Miraidon, L50|100/100\n|switch|p2a: Dragonite|Dragonite, L50, M|100/100\n|switch|p2b: Chien-Pao|Chien-Pao, L50|100/100\n|-ability|p2b: Chien-Pao|Sword of Ruin\n|-fieldstart|move: Electric Terrain|[from] ability: Hadron Engine|[of] p1b: Miraidon\n|-activate|p1a: Iron Bundle|ability: Quark Drive\n|-start|p1a: Iron Bundle|quarkdrivespe\n|turn|1\n|inactive|Hao_poke has 30 seconds left.\n|inactive|Hao_poke has 20 seconds left.\n|inactive|Hao_poke has 15 seconds left.\n|\n|t:|1775723475\n|-terastallize|p2a: Dragonite|Normal\n|move|p2a: Dragonite|Extreme Speed|p1a: Iron Bundle\n|-enditem|p1a: Iron Bundle|Focus Sash\n|-damage|p1a: Iron Bundle|1/100\n|move|p1a: Iron Bundle|Icy Wind|p2a: Dragonite|[spread] p2a,p2b\n|-resisted|p2b: Chien-Pao\n|-damage|p2a: Dragonite|81/100\n|-damage|p2b: Chien-Pao|85/100\n|-unboost|p2a: Dragonite|spe|1\n|-unboost|p2b: Chien-Pao|spe|1\n|move|p1b: Miraidon|Volt Switch|p2b: Chien-Pao\n|-damage|p2b: Chien-Pao|0 fnt\n|faint|p2b: Chien-Pao\n|\n|t:|1775723490\n|switch|p1b: Calyrex|Calyrex-Ice, L50|100/100|[from] Volt Switch\n|-ability|p1b: Calyrex|As One\n|-ability|p1b: Calyrex|Unnerve\n|\n|upkeep\n|\n|t:|1775723497\n|switch|p2b: Hatterene|Hatterene, L50, F|100/100\n|turn|2\n|\n|t:|1775723515\n|move|p2a: Dragonite|Extreme Speed|p1b: Calyrex\n|-damage|p1b: Calyrex|57/100\n|move|p1a: Iron Bundle|Hydro Pump|p2a: Dragonite\n|-damage|p2a: Dragonite|35/100\n|move|p1b: Calyrex|Glacial Lance|p2b: Hatterene|[spread] p2a,p2b\n|-crit|p2a: Dragonite\n|-damage|p2a: Dragonite|0 fnt\n|-damage|p2b: Hatterene|27/100\n|faint|p2a: Dragonite\n|-ability|p1b: Calyrex|Chilling Neigh|boost\n|-boost|p1b: Calyrex|atk|1\n|move|p2b: Hatterene|Trick Room|p2b: Hatterene\n|-fieldstart|move: Trick Room|[of] p2b: Hatterene\n|\n|upkeep\n|\n|t:|1775723523\n|switch|p2a: Indeedee|Indeedee-F, L50, F|100/100\n|-fieldstart|move: Psychic Terrain|[from] ability: Psychic Surge|[of] p2a: Indeedee\n|-end|p1a: Iron Bundle|Quark Drive\n|turn|3\n|\n|t:|1775723535\n|-end|p1a: Iron Bundle|Quark Drive|[silent]\n|switch|p1a: Incineroar|Incineroar, L50, M, shiny|100/100\n|-ability|p1a: Incineroar|Intimidate|boost\n|-unboost|p2a: Indeedee|atk|1\n|-unboost|p2b: Hatterene|atk|1\n|move|p2a: Indeedee|Helping Hand|p2b: Hatterene\n|-singleturn|p2b: Hatterene|Helping Hand|[of] p2a: Indeedee\n|move|p2b: Hatterene|Dazzling Gleam|p1b: Calyrex|[spread] p1a,p1b\n|-damage|p1a: Incineroar|59/100\n|-damage|p1b: Calyrex|11/100\n|-damage|p2b: Hatterene|17/100|[from] item: Life Orb\n|move|p1b: Calyrex|Glacial Lance|p2a: Indeedee|[spread] p2a,p2b\n|-damage|p2a: Indeedee|0 fnt\n|-damage|p2b: Hatterene|0 fnt\n|faint|p2a: Indeedee\n|faint|p2b: Hatterene\n|\n|win|yaochangzhe\n|raw|yaochangzhe's rating: 1385 &rarr; <strong>1403</strong><br />(+18 for winning)\n|raw|Hao_poke's rating: 1355 &rarr; <strong>1337</strong><br />(-18 for losing)\n|l|\u2606Hao_poke\n|player|p2|\n","uploadtime":1775723807,"views":9,"formatid":"gen9vgc2026regi","rating":1337,"private":0,"password":null}