{"id":"gen9vgc2026regi-2546370710","format":"[Gen 9] VGC 2026 Reg I","players":["Tepig_nNz_498","Zorse Mentality"],"log":"|j|\u2606Tepig_nNz_498\n|j|\u2606Zorse Mentality\n|t:|1771958565\n|gametype|doubles\n|player|p1|Tepig_nNz_498|2|1371\n|player|p2|Zorse Mentality|169|1454\n|gen|9\n|tier|[Gen 9] VGC 2026 Reg I\n|rated|\n|rule|Species Clause: Limit one of each Pok\u00e9mon\n|rule|Item Clause: Limit 1 of each item\n|clearpoke\n|poke|p1|Whimsicott, L50, F|\n|poke|p1|Reshiram, L50|\n|poke|p1|Incineroar, L50, M|\n|poke|p1|Lilligant-Hisui, L50, F|\n|poke|p1|Brute Bonnet, L50|\n|poke|p1|Koraidon, L50|\n|poke|p2|Calyrex-Ice, L50|\n|poke|p2|Kyogre, L50|\n|poke|p2|Tornadus, L50, M|\n|poke|p2|Urshifu-*, L50, M|\n|poke|p2|Indeedee-F, L50, F|\n|poke|p2|Torkoal, L50, M|\n|teampreview|4\n|inactive|Battle timer is ON: inactive players will automatically lose when time's up. (requested by Tepig_nNz_498)\n|\n|t:|1771958593\n|teamsize|p1|4\n|teamsize|p2|4\n|start\n|switch|p1a: Whimsicott|Whimsicott, L50, F|100/100\n|switch|p1b: Reshiram|Reshiram, L50|100/100\n|switch|p2a: Indeedee|Indeedee-F, L50, F|100/100\n|switch|p2b: Calyrex|Calyrex-Ice, L50|100/100\n|-ability|p2b: Calyrex|As One\n|-ability|p2b: Calyrex|Unnerve\n|-ability|p1b: Reshiram|Turboblaze\n|-fieldstart|move: Psychic Terrain|[from] ability: Psychic Surge|[of] p2a: Indeedee\n|turn|1\n|inactive|Zorse Mentality has 30 seconds left.\n|\n|t:|1771958625\n|switch|p2b: Kyogre|Kyogre, L50|100/100\n|-weather|RainDance|[from] ability: Drizzle|[of] p2b: Kyogre\n|move|p1a: Whimsicott|Sunny Day|p1a: Whimsicott\n|-weather|SunnyDay\n|move|p1b: Reshiram|Heat Wave|p2b: Kyogre|[spread] p2a\n|-miss|p1b: Reshiram|p2b: Kyogre\n|-damage|p2a: Indeedee|16/100\n|-damage|p1b: Reshiram|91/100|[from] item: Life Orb\n|move|p2a: Indeedee|Trick Room|p2a: Indeedee\n|-fieldstart|move: Trick Room|[of] p2a: Indeedee\n|\n|-weather|SunnyDay|[upkeep]\n|upkeep\n|turn|2\n|inactive|Zorse Mentality has 30 seconds left.\n|inactive|Zorse Mentality has 20 seconds left.\n|inactive|Zorse Mentality has 15 seconds left.\n|\n|t:|1771958667\n|move|p2b: Kyogre|Protect|p2b: Kyogre\n|-singleturn|p2b: Kyogre|Protect\n|move|p2a: Indeedee|Psychic|p1a: Whimsicott\n|-damage|p1a: Whimsicott|48/100\n|move|p1b: Reshiram|Heat Wave|p2a: Indeedee|[spread] p2a\n|-activate|p2b: Kyogre|move: Protect\n|-damage|p2a: Indeedee|0 fnt\n|faint|p2a: Indeedee\n|-damage|p1b: Reshiram|81/100|[from] item: Life Orb\n|move|p1a: Whimsicott|Moonblast|p2b: Kyogre\n|-activate|p2b: Kyogre|move: Protect\n|\n|-weather|SunnyDay|[upkeep]\n|upkeep\n|\n|t:|1771958683\n|switch|p2a: Calyrex|Calyrex-Ice, L50|100/100\n|-ability|p2a: Calyrex|As One\n|-ability|p2a: Calyrex|Unnerve\n|turn|3\n|\n|t:|1771958696\n|switch|p2b: Torkoal|Torkoal, L50, M|100/100\n|switch|p1a: Incineroar|Incineroar, L50, M|100/100\n|-ability|p1a: Incineroar|Intimidate|boost\n|-unboost|p2a: Calyrex|atk|1\n|-unboost|p2b: Torkoal|atk|1\n|move|p1b: Reshiram|Heat Wave|p2a: Calyrex|[spread] p2a,p2b\n|-supereffective|p2a: Calyrex\n|-resisted|p2b: Torkoal\n|-crit|p2b: Torkoal\n|-damage|p2a: Calyrex|0 fnt\n|-damage|p2b: Torkoal|0 fnt\n|faint|p2a: Calyrex\n|faint|p2b: Torkoal\n|-damage|p1b: Reshiram|71/100|[from] item: Life Orb\n|\n|-weather|SunnyDay|[upkeep]\n|upkeep\n|-message|Zorse Mentality forfeited.\n|\n|win|Tepig_nNz_498\n|raw|Tepig_nNz_498's rating: 1371 &rarr; <strong>1396</strong><br />(+25 for winning)\n|raw|Zorse Mentality's rating: 1454 &rarr; <strong>1429</strong><br />(-25 for losing)\n|l|\u2606Zorse Mentality\n|player|p2|\n|l|\u2606Tepig_nNz_498\n|player|p1|\n","uploadtime":1771958896,"views":12,"formatid":"gen9vgc2026regi","rating":1396,"private":0,"password":null}