{"id":"gen9vgc2026regi-2565711810","format":"[Gen 9] VGC 2026 Reg I","players":["luxerna","GalaxianGG"],"log":"|j|\u2606luxerna\n|j|\u2606GalaxianGG\n|t:|1774297487\n|gametype|doubles\n|player|p1|luxerna|dawn-gen4pt|1406\n|player|p2|GalaxianGG|aromalady|1458\n|gen|9\n|tier|[Gen 9] VGC 2026 Reg I\n|rated|\n|rule|Species Clause: Limit one of each Pok\u00e9mon\n|rule|Item Clause: Limit 1 of each item\n|clearpoke\n|poke|p1|Calyrex-Ice, L50|\n|poke|p1|Kyogre, L50|\n|poke|p1|Iron Jugulis, L50|\n|poke|p1|Incineroar, L50, M|\n|poke|p1|Amoonguss, L50, M|\n|poke|p1|Landorus, L50, M|\n|poke|p2|Miraidon, L50|\n|poke|p2|Farigiraf, L50, F|\n|poke|p2|Salamence, L50, M|\n|poke|p2|Flutter Mane, L50|\n|poke|p2|Kingambit, L50, F|\n|poke|p2|Kyogre, L50|\n|teampreview|4\n|\n|t:|1774297521\n|teamsize|p1|4\n|teamsize|p2|4\n|start\n|switch|p1a: Calyrex|Calyrex-Ice, L50|100/100\n|switch|p1b: Iron Jugulis|Iron Jugulis, L50|100/100\n|switch|p2a: Kingambit|Kingambit, L50, F, shiny|100/100\n|switch|p2b: Kyogre|Kyogre, L50, shiny|100/100\n|-ability|p1a: Calyrex|As One\n|-ability|p1a: Calyrex|Unnerve\n|-weather|RainDance|[from] ability: Drizzle|[of] p2b: Kyogre\n|-enditem|p1b: Iron Jugulis|Booster Energy\n|-activate|p1b: Iron Jugulis|ability: Quark Drive|[fromitem]\n|-start|p1b: Iron Jugulis|quarkdrivespe\n|turn|1\n|\n|t:|1774297553\n|switch|p1a: Kyogre|Kyogre, L50|100/100\n|move|p1b: Iron Jugulis|Protect|p1b: Iron Jugulis\n|-singleturn|p1b: Iron Jugulis|Protect\n|move|p2b: Kyogre|Water Spout|p1a: Kyogre|[spread] p1a\n|-activate|p1b: Iron Jugulis|move: Protect\n|-resisted|p1a: Kyogre\n|-crit|p1a: Kyogre\n|-damage|p1a: Kyogre|46/100\n|move|p2a: Kingambit|Iron Head|p1b: Iron Jugulis\n|-activate|p1b: Iron Jugulis|move: Protect\n|\n|-weather|RainDance|[upkeep]\n|upkeep\n|turn|2\n|\n|t:|1774297578\n|move|p2a: Kingambit|Protect|p2a: Kingambit\n|-singleturn|p2a: Kingambit|Protect\n|move|p1b: Iron Jugulis|Tailwind|p1b: Iron Jugulis\n|-sidestart|p1: luxerna|move: Tailwind\n|move|p1a: Kyogre|Origin Pulse|p2a: Kingambit|[spread] p2b\n|-activate|p2a: Kingambit|move: Protect\n|-resisted|p2b: Kyogre\n|-damage|p2b: Kyogre|82/100\n|move|p2b: Kyogre|Water Spout|p1b: Iron Jugulis|[spread] p1a,p1b\n|-resisted|p1a: Kyogre\n|-damage|p1a: Kyogre|20/100\n|-damage|p1b: Iron Jugulis|10/100\n|\n|-weather|RainDance|[upkeep]\n|upkeep\n|turn|3\n|-message|luxerna forfeited.\n|\n|win|GalaxianGG\n|raw|luxerna's rating: 1406 &rarr; <strong>1389</strong><br />(-17 for losing)\n|raw|GalaxianGG's rating: 1458 &rarr; <strong>1475</strong><br />(+17 for winning)\n|l|\u2606luxerna\n|player|p1|\n","uploadtime":1774297594,"views":14,"formatid":"gen9vgc2026regi","rating":1389,"private":0,"password":null}