{"id":"gen9vgc2026regi-2562412123","format":"[Gen 9] VGC 2026 Reg I","players":["Nd103","nerd159"],"log":"|j|\u2606Nd103\n|j|\u2606nerd159\n|t:|1773913179\n|gametype|doubles\n|player|p1|Nd103|265|1269\n|player|p2|nerd159|265|1307\n|gen|9\n|tier|[Gen 9] VGC 2026 Reg I\n|rated|\n|rule|Species Clause: Limit one of each Pok\u00e9mon\n|rule|Item Clause: Limit 1 of each item\n|clearpoke\n|poke|p1|Miraidon, L50|\n|poke|p1|Koraidon, L50|\n|poke|p1|Ursaluna-Bloodmoon, L50, M|\n|poke|p1|Urshifu-*, L50, F|\n|poke|p1|Ogerpon-Hearthflame, L50, F|\n|poke|p1|Raging Bolt, L50|\n|poke|p2|Zamazenta-*, L50|\n|poke|p2|Calyrex-Shadow, L50|\n|poke|p2|Excadrill, L50, M|\n|poke|p2|Tyranitar, L50, F|\n|poke|p2|Ogerpon-Wellspring, L50, F|\n|poke|p2|Farigiraf, L50, F|\n|teampreview|4\n|inactive|Battle timer is ON: inactive players will automatically lose when time's up. (requested by Nd103)\n|\n|t:|1773913221\n|teamsize|p1|4\n|teamsize|p2|4\n|start\n|switch|p1a: Miraidon|Miraidon, L50|100/100\n|switch|p1b: Raging Bolt|Raging Bolt, L50|100/100\n|switch|p2a: Zamazenta|Zamazenta-Crowned, L50|100/100\n|switch|p2b: Calyrex|Calyrex-Shadow, L50|100/100\n|-ability|p2b: Calyrex|As One\n|-ability|p2b: Calyrex|Unnerve\n|-fieldstart|move: Electric Terrain|[from] ability: Hadron Engine|[of] p1a: Miraidon\n|-ability|p2a: Zamazenta|Dauntless Shield|boost\n|-boost|p2a: Zamazenta|def|1\n|turn|1\n|\n|t:|1773913237\n|switch|p2b: Excadrill|Excadrill, L50, M|100/100\n|move|p2a: Zamazenta|Protect|p2a: Zamazenta\n|-singleturn|p2a: Zamazenta|Protect\n|move|p1b: Raging Bolt|Thunderclap||[still]\n|-fail|p1b: Raging Bolt\n|move|p1a: Miraidon|Volt Switch|p2b: Excadrill\n|-immune|p2b: Excadrill\n|\n|upkeep\n|turn|2\n|\n|t:|1773913253\n|switch|p2a: Tyranitar|Tyranitar, L50, F|100/100\n|-weather|Sandstorm|[from] ability: Sand Stream|[of] p2a: Tyranitar\n|move|p1b: Raging Bolt|Thunderclap||[still]\n|-fail|p1b: Raging Bolt\n|move|p1a: Miraidon|Volt Switch|p2a: Tyranitar\n|-damage|p2a: Tyranitar|77/100\n|\n|t:|1773913262\n|switch|p1a: Koraidon|Koraidon, L50|100/100|[from] Volt Switch\n|-weather|SunnyDay|[from] ability: Orichalcum Pulse|[of] p1a: Koraidon\n|-activate|p1b: Raging Bolt|ability: Protosynthesis\n|-start|p1b: Raging Bolt|protosynthesisspa\n|-activate|p1a: Koraidon|Orichalcum Pulse|[source]\n|move|p2b: Excadrill|High Horsepower|p1a: Koraidon\n|-damage|p1a: Koraidon|52/100\n|\n|-weather|SunnyDay|[upkeep]\n|upkeep\n|turn|3\n|\n|t:|1773913284\n|switch|p2a: Calyrex|Calyrex-Shadow, L50|100/100\n|-ability|p2a: Calyrex|As One\n|-ability|p2a: Calyrex|Unnerve\n|-end|p1b: Raging Bolt|Protosynthesis|[silent]\n|switch|p1b: Ursaluna|Ursaluna-Bloodmoon, L50, M|100/100\n|move|p2b: Excadrill|Protect|p2b: Excadrill\n|-singleturn|p2b: Excadrill|Protect\n|move|p1a: Koraidon|Breaking Swipe|p2a: Calyrex|[spread] p2a\n|-activate|p2b: Excadrill|move: Protect\n|-damage|p2a: Calyrex|47/100\n|-unboost|p2a: Calyrex|atk|1\n|-damage|p1a: Koraidon|42/100|[from] item: Life Orb\n|\n|-weather|SunnyDay|[upkeep]\n|upkeep\n|turn|4\n|inactive|Nd103 has 30 seconds left.\n|inactive|Nd103 has 20 seconds left.\n|inactive|Nd103 has 15 seconds left.\n|\n|t:|1773913329\n|move|p2a: Calyrex|Psychic|p1b: Ursaluna\n|-damage|p1b: Ursaluna|60/100\n|move|p1a: Koraidon|Flame Charge|p2b: Excadrill\n|-supereffective|p2b: Excadrill\n|-enditem|p2b: Excadrill|Focus Sash\n|-damage|p2b: Excadrill|1/100\n|-boost|p1a: Koraidon|spe|1\n|-damage|p1a: Koraidon|32/100|[from] item: Life Orb\n|move|p2b: Excadrill|Iron Head|p1b: Ursaluna\n|-damage|p1b: Ursaluna|26/100\n|move|p1b: Ursaluna|Hyper Voice|p2a: Calyrex|[spread] p2a,p2b\n|-resisted|p2b: Excadrill\n|-damage|p2a: Calyrex|7/100\n|-damage|p2b: Excadrill|0 fnt\n|faint|p2b: Excadrill\n|\n|-weather|SunnyDay|[upkeep]\n|upkeep\n|-message|nerd159 forfeited.\n|\n|win|Nd103\n|raw|Nd103's rating: 1269 &rarr; <strong>1297</strong><br />(+28 for winning)\n|raw|nerd159's rating: 1307 &rarr; <strong>1285</strong><br />(-22 for losing)\n|l|\u2606nerd159\n|player|p2|\n|l|\u2606Nd103\n|player|p1|\n","uploadtime":1773913519,"views":13,"formatid":"gen9vgc2026regi","rating":1285,"private":0,"password":null}