{"id":"gen9vgc2026regi-2523891053","format":"[Gen 9] VGC 2026 Reg I","players":["Ender4444","BOMAtheFireEnjoyer"],"log":"|j|\u2606Ender4444\n|j|\u2606BOMAtheFireEnjoyer\n|t:|1769087213\n|gametype|doubles\n|player|p1|Ender4444|266|1059\n|player|p2|BOMAtheFireEnjoyer|n|1195\n|gen|9\n|tier|[Gen 9] VGC 2026 Reg I\n|rated|\n|rule|Species Clause: Limit one of each Pok\u00e9mon\n|rule|Item Clause: Limit 1 of each item\n|clearpoke\n|poke|p1|Koraidon, L50|\n|poke|p1|Great Tusk, L50|\n|poke|p1|Flutter Mane, L50|\n|poke|p1|Whimsicott, L50, M|\n|poke|p1|Amoonguss, L50, M|\n|poke|p1|Incineroar, L50, M|\n|poke|p2|Reshiram, L50|\n|poke|p2|Groudon, L50|\n|poke|p2|Walking Wake, L50|\n|poke|p2|Iron Hands, L50|\n|poke|p2|Farigiraf, L50, F|\n|poke|p2|Whimsicott, L50, M|\n|teampreview|4\n|inactive|Battle timer is ON: inactive players will automatically lose when time's up. (requested by BOMAtheFireEnjoyer)\n|\n|t:|1769087254\n|teamsize|p1|4\n|teamsize|p2|4\n|start\n|switch|p1a: Great Tusk|Great Tusk, L50|100/100\n|switch|p1b: Whimsicott|Whimsicott, L50, M, shiny|100/100\n|switch|p2a: Reshiram|Reshiram, L50|100/100\n|switch|p2b: Whimsicott|Whimsicott, L50, M|100/100\n|-ability|p2a: Reshiram|Turboblaze\n|turn|1\n|inactive|Ender4444 has 30 seconds left.\n|\n|t:|1769087289\n|switch|p2a: Walking Wake|Walking Wake, L50|100/100\n|-terastallize|p1b: Whimsicott|Dark\n|move|p2b: Whimsicott|Taunt|p1b: Whimsicott\n|-hint|Since gen 7, Dark is immune to Prankster moves.\n|-immune|p1b: Whimsicott\n|move|p1b: Whimsicott|Tailwind|p1b: Whimsicott\n|-sidestart|p1: Ender4444|move: Tailwind\n|move|p1a: Great Tusk|Headlong Rush|p2a: Walking Wake\n|-damage|p2a: Walking Wake|27/100\n|-unboost|p1a: Great Tusk|def|1\n|-unboost|p1a: Great Tusk|spd|1\n|\n|upkeep\n|turn|2\n|-message|BOMAtheFireEnjoyer forfeited.\n|\n|win|Ender4444\n|raw|Ender4444's rating: 1059 &rarr; <strong>1102</strong><br />(+43 for winning)\n|raw|BOMAtheFireEnjoyer's rating: 1195 &rarr; <strong>1161</strong><br />(-34 for losing)\n|l|\u2606BOMAtheFireEnjoyer\n|player|p2|\n|l|\u2606Ender4444\n|player|p1|\n","uploadtime":1769087633,"views":13,"formatid":"gen9vgc2026regi","rating":1102,"private":0,"password":null}