{"id":"gen9vgc2026regi-2530014626","format":"[Gen 9] VGC 2026 Reg I","players":["ArtianoV.","blackred123"],"log":"|j|\u2606ArtianoV.\n|j|\u2606blackred123\n|t:|1769864060\n|gametype|doubles\n|player|p1|ArtianoV.|dahlia|1375\n|player|p2|blackred123|iono-masters|1451\n|gen|9\n|tier|[Gen 9] VGC 2026 Reg I\n|rated|\n|rule|Species Clause: Limit one of each Pok\u00e9mon\n|rule|Item Clause: Limit 1 of each item\n|clearpoke\n|poke|p1|Koraidon, L50|\n|poke|p1|Lunala, L50|\n|poke|p1|Ursaluna, L50, F|\n|poke|p1|Incineroar, L50, F|\n|poke|p1|Amoonguss, L50, F|\n|poke|p1|Flutter Mane, L50|\n|poke|p2|Calyrex-Shadow, L50|\n|poke|p2|Koraidon, L50|\n|poke|p2|Flutter Mane, L50|\n|poke|p2|Incineroar, L50, F|\n|poke|p2|Raging Bolt, L50|\n|poke|p2|Tornadus, L50, M|\n|teampreview|4\n|inactive|Battle timer is ON: inactive players will automatically lose when time's up. (requested by blackred123)\n|\n|t:|1769864090\n|teamsize|p1|4\n|teamsize|p2|4\n|start\n|switch|p1a: Flutter Mane|Flutter Mane, L50|100/100\n|switch|p1b: Koraidon|Koraidon, L50|100/100\n|switch|p2a: \u56fa\u5927\u5305\u52d2|Koraidon, L50|100/100\n|switch|p2b: \u6536\u957f\u5934\u53d1\uff5e|Flutter Mane, L50|100/100\n|-weather|SunnyDay|[from] ability: Orichalcum Pulse|[of] p1b: Koraidon\n|-activate|p2b: \u6536\u957f\u5934\u53d1\uff5e|ability: Protosynthesis\n|-start|p2b: \u6536\u957f\u5934\u53d1\uff5e|protosynthesisspe\n|-activate|p1a: Flutter Mane|ability: Protosynthesis\n|-start|p1a: Flutter Mane|protosynthesisspe\n|-activate|p1b: Koraidon|Orichalcum Pulse|[source]\n|-activate|p2a: \u56fa\u5927\u5305\u52d2|ability: Orichalcum Pulse\n|turn|1\n|inactive|ArtianoV. has 30 seconds left.\n|\n|t:|1769864120\n|move|p1a: Flutter Mane|Icy Wind|p2a: \u56fa\u5927\u5305\u52d2|[spread] p2a,p2b\n|-supereffective|p2a: \u56fa\u5927\u5305\u52d2\n|-damage|p2a: \u56fa\u5927\u5305\u52d2|73/100\n|-damage|p2b: \u6536\u957f\u5934\u53d1\uff5e|84/100\n|-unboost|p2b: \u6536\u957f\u5934\u53d1\uff5e|spe|1\n|move|p2a: \u56fa\u5927\u5305\u52d2|Flame Charge|p1a: Flutter Mane\n|-damage|p1a: Flutter Mane|26/100\n|-boost|p2a: \u56fa\u5927\u5305\u52d2|spe|1\n|move|p1b: Koraidon|Flame Charge|p2b: \u6536\u957f\u5934\u53d1\uff5e\n|-damage|p2b: \u6536\u957f\u5934\u53d1\uff5e|0 fnt\n|-boost|p1b: Koraidon|spe|1\n|faint|p2b: \u6536\u957f\u5934\u53d1\uff5e\n|-end|p2b: \u6536\u957f\u5934\u53d1\uff5e|Protosynthesis|[silent]\n|-damage|p1b: Koraidon|91/100|[from] item: Life Orb\n|\n|-weather|SunnyDay|[upkeep]\n|upkeep\n|j| QAQeee\u603b\u5bfc\u6f14\n|\n|t:|1769864137\n|switch|p2b: Raging Bolt|Raging Bolt, L50|100/100\n|-activate|p2b: Raging Bolt|ability: Protosynthesis\n|-start|p2b: Raging Bolt|protosynthesisspa\n|turn|2\n|\n|t:|1769864157\n|-terastallize|p1b: Koraidon|Fire\n|move|p1a: Flutter Mane|Protect|p1a: Flutter Mane\n|-singleturn|p1a: Flutter Mane|Protect\n|move|p2b: Raging Bolt|Thunderclap||[still]\n|-fail|p2b: Raging Bolt\n|move|p2a: \u56fa\u5927\u5305\u52d2|Close Combat|p1b: Koraidon\n|-damage|p1b: Koraidon|7/100\n|-unboost|p2a: \u56fa\u5927\u5305\u52d2|def|1\n|-unboost|p2a: \u56fa\u5927\u5305\u52d2|spd|1\n|move|p1b: Koraidon|Close Combat|p2a: \u56fa\u5927\u5305\u52d2\n|-damage|p2a: \u56fa\u5927\u5305\u52d2|0 fnt\n|-unboost|p1b: Koraidon|def|1\n|-unboost|p1b: Koraidon|spd|1\n|faint|p2a: \u56fa\u5927\u5305\u52d2\n|-damage|p1b: Koraidon|0 fnt|[from] item: Life Orb\n|faint|p1b: Koraidon\n|\n|-weather|SunnyDay|[upkeep]\n|upkeep\n|\n|t:|1769864174\n|switch|p1b: Lunala|Lunala, L50|100/100\n|switch|p2a: \u6211\u8fd1\u89c6|Calyrex-Shadow, L50|100/100\n|-ability|p2a: \u6211\u8fd1\u89c6|As One\n|-ability|p2a: \u6211\u8fd1\u89c6|Unnerve\n|turn|3\n|\n|t:|1769864195\n|-end|p1a: Flutter Mane|Protosynthesis|[silent]\n|switch|p1a: Ursaluna|Ursaluna, L50, F|100/100\n|-terastallize|p2a: \u6211\u8fd1\u89c6|Ghost\n|move|p2b: Raging Bolt|Thunderclap||[still]\n|-fail|p2b: Raging Bolt\n|move|p2a: \u6211\u8fd1\u89c6|Astral Barrage|p1a: Ursaluna|[spread] p1b\n|-immune|p1a: Ursaluna\n|-supereffective|p1b: Lunala\n|-damage|p1b: Lunala|0 fnt\n|faint|p1b: Lunala\n|-ability|p2a: \u6211\u8fd1\u89c6|Grim Neigh|boost\n|-boost|p2a: \u6211\u8fd1\u89c6|spa|1\n|\n|-weather|SunnyDay|[upkeep]\n|-status|p1a: Ursaluna|brn|[from] item: Flame Orb\n|upkeep\n|\n|t:|1769864207\n|switch|p1b: Flutter Mane|Flutter Mane, L50|26/100\n|-activate|p1b: Flutter Mane|ability: Protosynthesis\n|-start|p1b: Flutter Mane|protosynthesisspe\n|turn|4\n|\n|t:|1769864220\n|move|p1b: Flutter Mane|Shadow Ball|p2a: \u6211\u8fd1\u89c6\n|-supereffective|p2a: \u6211\u8fd1\u89c6\n|-damage|p2a: \u6211\u8fd1\u89c6|18/100\n|move|p2a: \u6211\u8fd1\u89c6|Astral Barrage|p1b: Flutter Mane|[spread] p1b\n|-immune|p1a: Ursaluna\n|-supereffective|p1b: Flutter Mane\n|-damage|p1b: Flutter Mane|0 fnt\n|faint|p1b: Flutter Mane\n|-end|p1b: Flutter Mane|Protosynthesis|[silent]\n|-ability|p2a: \u6211\u8fd1\u89c6|Grim Neigh|boost\n|-boost|p2a: \u6211\u8fd1\u89c6|spa|1\n|move|p2b: Raging Bolt|Dragon Pulse|p1a: Ursaluna\n|-damage|p1a: Ursaluna|48/100 brn\n|move|p1a: Ursaluna|Earthquake|p2a: \u6211\u8fd1\u89c6|[spread] p2a,p2b\n|-supereffective|p2b: Raging Bolt\n|-damage|p2a: \u6211\u8fd1\u89c6|0 fnt\n|-damage|p2b: Raging Bolt|0 fnt\n|faint|p2a: \u6211\u8fd1\u89c6\n|faint|p2b: Raging Bolt\n|-end|p2b: Raging Bolt|Protosynthesis|[silent]\n|\n|win|ArtianoV.\n|raw|ArtianoV.'s rating: 1375 &rarr; <strong>1399</strong><br />(+24 for winning)\n|raw|blackred123's rating: 1451 &rarr; <strong>1427</strong><br />(-24 for losing)\n|l|\u2606ArtianoV.\n|player|p1|\n","uploadtime":1769864237,"views":16,"formatid":"gen9vgc2026regi","rating":1399,"private":0,"password":null}