{"id":"gen9vgc2026regi-2533890531","format":"[Gen 9] VGC 2026 Reg I","players":["lift with kyogre","lalo's pollos"],"log":"|j|\u2606lift with kyogre\n|j|\u2606lalo's pollos\n|t:|1770355110\n|gametype|doubles\n|player|p1|lift with kyogre|elesa|1437\n|player|p2|lalo's pollos|2|1543\n|gen|9\n|tier|[Gen 9] VGC 2026 Reg I\n|rated|\n|rule|Species Clause: Limit one of each Pok\u00e9mon\n|rule|Item Clause: Limit 1 of each item\n|clearpoke\n|poke|p1|Muk-Alola, L50, F|\n|poke|p1|Smeargle, L50, F|\n|poke|p1|Calyrex-Shadow, L50|\n|poke|p1|Flamigo, L50, F|\n|poke|p1|Miraidon, L50|\n|poke|p1|Volcarona, L50, F|\n|poke|p2|Zamazenta-*, L50|\n|poke|p2|Lunala, L50|\n|poke|p2|Rillaboom, L50, F|\n|poke|p2|Incineroar, L50, F|\n|poke|p2|Urshifu-*, L50, M|\n|poke|p2|Tornadus, L50, M|\n|teampreview|4\n|inactive|Battle timer is ON: inactive players will automatically lose when time's up. (requested by lift with kyogre)\n|\n|t:|1770355142\n|teamsize|p1|4\n|teamsize|p2|4\n|start\n|switch|p1a: Muk|Muk-Alola, L50, F|100/100\n|switch|p1b: Smeargle|Smeargle, L50, F|100/100\n|switch|p2a: Tornadus|Tornadus, L50, M|100/100\n|switch|p2b: Zamazenta|Zamazenta-Crowned, L50|100/100\n|-ability|p2b: Zamazenta|Dauntless Shield|boost\n|-boost|p2b: Zamazenta|def|1\n|turn|1\n|\n|t:|1770355151\n|move|p1b: Smeargle|Fake Out|p2b: Zamazenta\n|-resisted|p2b: Zamazenta\n|-damage|p2b: Zamazenta|99/100\n|move|p2a: Tornadus|Taunt|p1b: Smeargle\n|-start|p1b: Smeargle|move: Taunt\n|cant|p2b: Zamazenta|flinch\n|move|p1a: Muk|Minimize|p1a: Muk\n|-boost|p1a: Muk|evasion|2\n|\n|-ability|p1b: Smeargle|Moody|boost\n|-boost|p1b: Smeargle|atk|2\n|-unboost|p1b: Smeargle|def|1\n|upkeep\n|turn|2\n|inactive|lift with kyogre has 30 seconds left.\n|inactive|lift with kyogre has 20 seconds left.\n|inactive|lift with kyogre has 15 seconds left.\n|\n|t:|1770355194\n|move|p1a: Muk|Protect|p1a: Muk\n|-singleturn|p1a: Muk|Protect\n|move|p2a: Tornadus|Bleakwind Storm|p1b: Smeargle|[spread] p1b\n|-activate|p1a: Muk|move: Protect\n|-damage|p1b: Smeargle|8/100\n|move|p2b: Zamazenta|Heavy Slam|p1a: Muk\n|-activate|p1a: Muk|move: Protect\n|move|p1b: Smeargle|Salt Cure|p2b: Zamazenta\n|-resisted|p2b: Zamazenta\n|-damage|p2b: Zamazenta|99/100\n|-start|p2b: Zamazenta|Salt Cure\n|\n|-damage|p2b: Zamazenta|74/100|[from] Salt Cure\n|-ability|p1b: Smeargle|Moody|boost\n|-boost|p1b: Smeargle|atk|2\n|-unboost|p1b: Smeargle|def|1\n|upkeep\n|turn|3\n|\n|t:|1770355206\n|-terastallize|p1a: Muk|Water\n|move|p2a: Tornadus|Bleakwind Storm|p1b: Smeargle|[spread] p1b\n|-miss|p2a: Tornadus|p1a: Muk\n|-damage|p1b: Smeargle|0 fnt\n|faint|p1b: Smeargle\n|-ability|p1a: Muk|Moody|Power of Alchemy|[from] ability: Power of Alchemy|[of] p1b: Smeargle\n|move|p2b: Zamazenta|Heavy Slam|p1a: Muk\n|-resisted|p1a: Muk\n|-damage|p1a: Muk|66/100\n|move|p1a: Muk|Minimize|p1a: Muk\n|-boost|p1a: Muk|evasion|2\n|\n|-heal|p1a: Muk|72/100|[from] item: Leftovers\n|-damage|p2b: Zamazenta|49/100|[from] Salt Cure\n|-ability|p1a: Muk|Moody|boost\n|-boost|p1a: Muk|spd|2\n|-unboost|p1a: Muk|def|1\n|upkeep\n|\n|t:|1770355213\n|switch|p1b: Flamigo|Flamigo, L50, F|100/100\n|-copyboost|p1b: Flamigo|p1a: Muk|[from] ability: Costar\n|-enditem|p1b: Flamigo|White Herb\n|-clearnegativeboost|p1b: Flamigo|[silent]\n|turn|4\n|\n|t:|1770355232\n|move|p1a: Muk|Protect|p1a: Muk\n|-singleturn|p1a: Muk|Protect\n|move|p2a: Tornadus|Tailwind|p2a: Tornadus\n|-sidestart|p2: lalo's pollos|move: Tailwind\n|move|p2b: Zamazenta|Heavy Slam|p1b: Flamigo|[miss]\n|-miss|p2b: Zamazenta|p1b: Flamigo\n|move|p1b: Flamigo|Close Combat|p2b: Zamazenta\n|-supereffective|p2b: Zamazenta\n|-damage|p2b: Zamazenta|5/100\n|-unboost|p1b: Flamigo|def|1\n|-unboost|p1b: Flamigo|spd|1\n|\n|-heal|p1a: Muk|78/100|[from] item: Leftovers\n|-damage|p2b: Zamazenta|0 fnt|[from] Salt Cure\n|faint|p2b: Zamazenta\n|-ability|p1a: Muk|Moody|boost\n|-boost|p1a: Muk|atk|2\n|-unboost|p1a: Muk|def|1\n|upkeep\n|-message|lalo's pollos forfeited.\n|\n|win|lift with kyogre\n|raw|lift with kyogre's rating: 1437 &rarr; <strong>1463</strong><br />(+26 for winning)\n|raw|lalo&apos;s pollos's rating: 1543 &rarr; <strong>1517</strong><br />(-26 for losing)\n|l|\u2606lalo's pollos\n|player|p2|\n|l|\u2606lift with kyogre\n|player|p1|\n","uploadtime":1770355410,"views":18,"formatid":"gen9vgc2026regi","rating":1463,"private":0,"password":null}