{"id":"gen9vgc2026regi-2521027783","format":"[Gen 9] VGC 2026 Reg I","players":["kojimuranishi","vincent's life"],"log":"|j|\u2606kojimuranishi\n|j|\u2606vincent's life\n|t:|1768714133\n|gametype|doubles\n|player|p1|kojimuranishi|169|1466\n|player|p2|vincent's life|102|1366\n|gen|9\n|tier|[Gen 9] VGC 2026 Reg I\n|rated|\n|rule|Species Clause: Limit one of each Pok\u00e9mon\n|rule|Item Clause: Limit 1 of each item\n|clearpoke\n|poke|p1|Miraidon, L50|\n|poke|p1|Lunala, L50|\n|poke|p1|Chien-Pao, L50|\n|poke|p1|Dragonite, L50, M|\n|poke|p1|Ursaluna, L50, F|\n|poke|p1|Urshifu-*, L50, F|\n|poke|p2|Miraidon, L50|\n|poke|p2|Landorus, L50, M|\n|poke|p2|Incineroar, L50, M|\n|poke|p2|Iron Bundle, L50|\n|poke|p2|Farigiraf, L50, M|\n|poke|p2|Calyrex-Ice, L50|\n|teampreview|4\n|inactive|Battle timer is ON: inactive players will automatically lose when time's up. (requested by kojimuranishi)\n|\n|t:|1768714155\n|teamsize|p1|4\n|teamsize|p2|4\n|start\n|switch|p1a: Miraidon|Miraidon, L50|100/100\n|switch|p1b: Lunala|Lunala, L50|100/100\n|switch|p2a: Co-Star|Miraidon, L50|100/100\n|switch|p2b: the Star|Iron Bundle, L50|100/100\n|-fieldstart|move: Electric Terrain|[from] ability: Hadron Engine|[of] p1a: Miraidon\n|-activate|p2b: the Star|ability: Quark Drive\n|-start|p2b: the Star|quarkdrivespe\n|-activate|p2a: Co-Star|ability: Hadron Engine\n|turn|1\n|\n|t:|1768714171\n|move|p2b: the Star|Hydro Pump|p1b: Lunala\n|-damage|p1b: Lunala|84/100\n|move|p1a: Miraidon|Volt Switch|p2b: the Star\n|-supereffective|p2b: the Star\n|-enditem|p2b: the Star|Focus Sash\n|-damage|p2b: the Star|1/100\n|\n|t:|1768714182\n|switch|p1a: Ursaluna|Ursaluna, L50, F|100/100|[from] Volt Switch\n|move|p2a: Co-Star|Electro Drift|p1b: Lunala\n|-damage|p1b: Lunala|0 fnt\n|faint|p1b: Lunala\n|\n|-status|p1a: Ursaluna|brn|[from] item: Flame Orb\n|upkeep\n|\n|t:|1768714193\n|switch|p1b: Chien-Pao|Chien-Pao, L50|100/100\n|-ability|p1b: Chien-Pao|Sword of Ruin\n|turn|2\n|\n|t:|1768714217\n|-terastallize|p1a: Ursaluna|Water\n|move|p2b: the Star|Protect|p2b: the Star\n|-singleturn|p2b: the Star|Protect\n|move|p1b: Chien-Pao|Protect|p1b: Chien-Pao\n|-singleturn|p1b: Chien-Pao|Protect\n|move|p2a: Co-Star|Electro Drift|p1b: Chien-Pao\n|-activate|p1b: Chien-Pao|move: Protect\n|move|p1a: Ursaluna|Facade|p2a: Co-Star\n|-damage|p2a: Co-Star|0 fnt\n|faint|p2a: Co-Star\n|\n|-damage|p1a: Ursaluna|95/100 brn|[from] brn\n|upkeep\n|\n|t:|1768714226\n|switch|p2a: Incineroar|Incineroar, L50, M|100/100\n|-ability|p2a: Incineroar|Intimidate|boost\n|-unboost|p1a: Ursaluna|atk|1\n|-unboost|p1b: Chien-Pao|atk|1\n|turn|3\n|\n|t:|1768714240\n|move|p1b: Chien-Pao|Protect||[still]\n|-fail|p1b: Chien-Pao\n|move|p1a: Ursaluna|Protect|p1a: Ursaluna\n|-singleturn|p1a: Ursaluna|Protect\n|move|p2a: Incineroar|Fake Out|p1b: Chien-Pao\n|-damage|p1b: Chien-Pao|86/100\n|move|p2b: the Star|Hydro Pump|p1b: Chien-Pao\n|-damage|p1b: Chien-Pao|1/100\n|\n|-damage|p1a: Ursaluna|89/100 brn|[from] brn\n|upkeep\n|turn|4\n|\n|t:|1768714263\n|move|p2b: the Star|Protect|p2b: the Star\n|-singleturn|p2b: the Star|Protect\n|move|p1b: Chien-Pao|Sucker Punch||[still]\n|-fail|p1b: Chien-Pao\n|move|p2a: Incineroar|U-turn|p1b: Chien-Pao\n|-supereffective|p1b: Chien-Pao\n|-damage|p1b: Chien-Pao|0 fnt\n|faint|p1b: Chien-Pao\n|\n|t:|1768714268\n|switch|p2a: Calyrex|Calyrex-Ice, L50|100/100|[from] U-turn\n|-ability|p2a: Calyrex|As One\n|-ability|p2a: Calyrex|Unnerve\n|move|p1a: Ursaluna|Headlong Rush|p2a: Calyrex\n|-damage|p2a: Calyrex|58/100\n|-unboost|p1a: Ursaluna|def|1\n|-unboost|p1a: Ursaluna|spd|1\n|\n|-damage|p1a: Ursaluna|83/100 brn|[from] brn\n|upkeep\n|-message|kojimuranishi forfeited.\n|\n|win|vincent's life\n|raw|kojimuranishi's rating: 1466 &rarr; <strong>1440</strong><br />(-26 for losing)\n|raw|vincent&apos;s life's rating: 1366 &rarr; <strong>1392</strong><br />(+26 for winning)\n|l|\u2606kojimuranishi\n|player|p1|\n","uploadtime":1768714475,"views":20,"formatid":"gen9vgc2026regi","rating":1392,"private":0,"password":null}