{"id":"gen9vgc2026regi-2567753148","format":"[Gen 9] VGC 2026 Reg I","players":["0QwQ0","D4RKEVA"],"log":"|j|\u26060QwQ0\n|j|\u2606D4RKEVA\n|t:|1774515020\n|gametype|doubles\n|player|p1|0QwQ0|101|1390\n|player|p2|D4RKEVA|101|1483\n|gen|9\n|tier|[Gen 9] VGC 2026 Reg I\n|rated|\n|rule|Species Clause: Limit one of each Pok\u00e9mon\n|rule|Item Clause: Limit 1 of each item\n|clearpoke\n|poke|p1|Clefairy, L50, M|\n|poke|p1|Calyrex-Shadow, L50|\n|poke|p1|Zamazenta-*, L50|\n|poke|p1|Landorus-Therian, L50, M|\n|poke|p1|Tornadus, L50, M|\n|poke|p1|Rillaboom, L50, M|\n|poke|p2|Lunala, L50|\n|poke|p2|Koraidon, L50|\n|poke|p2|Flutter Mane, L50|\n|poke|p2|Brute Bonnet, L50|\n|poke|p2|Chi-Yu, L50|\n|poke|p2|Ursaluna, L50, F|\n|teampreview|4\n|inactive|Battle timer is ON: inactive players will automatically lose when time's up. (requested by D4RKEVA)\nD4RKEVA rejected open team sheets.\n|inactive|0QwQ0 has 60 seconds left.\n|inactive|D4RKEVA has 60 seconds left.\n|inactive|0QwQ0 has 30 seconds left.\n|inactive|0QwQ0 has 20 seconds left.\n|inactive|0QwQ0 has 15 seconds left.\n|inactive|0QwQ0 has 10 seconds left.\n|inactive|0QwQ0 has 5 seconds left.\n|\n|t:|1774515111\n|teamsize|p1|4\n|teamsize|p2|4\n|start\n|switch|p1a: Tornadus|Tornadus, L50, M|100/100\n|switch|p1b: Calyrex|Calyrex-Shadow, L50|100/100\n|switch|p2a: MoonMoon|Lunala, L50|100/100\n|switch|p2b: Brute Bonnie|Brute Bonnet, L50|100/100\n|-ability|p1b: Calyrex|As One\n|-ability|p1b: Calyrex|Unnerve\n|turn|1\n|inactive|0QwQ0 has 30 seconds left.\n|inactive|0QwQ0 has 20 seconds left.\n|inactive|0QwQ0 has 15 seconds left.\n|inactive|0QwQ0 has 10 seconds left.\n|\n|t:|1774515158\n|switch|p1b: Zamazenta|Zamazenta-Crowned, L50|100/100\n|-ability|p1b: Zamazenta|Dauntless Shield|boost\n|-boost|p1b: Zamazenta|def|1\n|-terastallize|p2a: MoonMoon|Fairy\n|move|p2b: Brute Bonnie|Rage Powder|p2b: Brute Bonnie\n|-singleturn|p2b: Brute Bonnie|move: Rage Powder\n|move|p1a: Tornadus|Bleakwind Storm|p2b: Brute Bonnie|[spread] p2a\n|-miss|p1a: Tornadus|p2b: Brute Bonnie\n|-damage|p2a: MoonMoon|90/100\n|move|p2a: MoonMoon|Trick Room|p2a: MoonMoon\n|-fieldstart|move: Trick Room|[of] p2a: MoonMoon\n|\n|upkeep\n|turn|2\n|\n|t:|1774515178\n|move|p2b: Brute Bonnie|Spore|p1b: Zamazenta\n|-status|p1b: Zamazenta|slp|[from] move: Spore\n|move|p2a: MoonMoon|Meteor Beam||[still]\n|-prepare|p2a: MoonMoon|Meteor Beam\n|-boost|p2a: MoonMoon|spa|1\n|-enditem|p2a: MoonMoon|Power Herb\n|-anim|p2a: MoonMoon|Meteor Beam|p1a: Tornadus\n|-supereffective|p1a: Tornadus\n|-damage|p1a: Tornadus|0 fnt\n|faint|p1a: Tornadus\n|cant|p1b: Zamazenta|slp\n|\n|upkeep\n|l|\u26060QwQ0\n|inactive|0QwQ0 disconnected and has a minute to reconnect!\n|player|p1|\n|inactive|0QwQ0 has 30 seconds left.\n|inactive|0QwQ0 has 20 seconds left.\n|inactive|0QwQ0 has 15 seconds left.\n|inactive|0QwQ0 has 10 seconds left.\n|inactive|0QwQ0 has 5 seconds left.\n|-message|0QwQ0 lost due to inactivity.\n|\n|win|D4RKEVA\n|raw|0QwQ0's rating: 1390 &rarr; <strong>1375</strong><br />(-15 for losing)\n|raw|D4RKEVA's rating: 1483 &rarr; <strong>1498</strong><br />(+15 for winning)\n","uploadtime":1774515237,"views":276,"formatid":"gen9vgc2026regi","rating":1375,"private":0,"password":null}