{"id":"gen9vgc2026regi-2559388540","format":"[Gen 9] VGC 2026 Reg I","players":["Northbooke","terafireflareblitz"],"log":"|j|\u2606Northbooke\n|j|\u2606terafireflareblitz\n|t:|1773556844\n|gametype|doubles\n|player|p1|Northbooke|bellelba|1053\n|player|p2|terafireflareblitz|sycamore|1000\n|gen|9\n|tier|[Gen 9] VGC 2026 Reg I\n|rated|\n|rule|Species Clause: Limit one of each Pok\u00e9mon\n|rule|Item Clause: Limit 1 of each item\n|clearpoke\n|poke|p1|Arcanine-Hisui, L50, F|\n|poke|p1|Whimsicott, L50, F|\n|poke|p1|Miraidon, L50|\n|poke|p1|Zacian-*, L50|\n|poke|p1|Corviknight, L50, F|\n|poke|p1|Rillaboom, L50, M|\n|poke|p2|Koraidon, L50|\n|poke|p2|Lunala, L50|\n|poke|p2|Indeedee-F, L50, F|\n|poke|p2|Flutter Mane, L50|\n|poke|p2|Volcarona, L50, F|\n|poke|p2|Ursaluna, L50, M|\n|teampreview|4\n|inactive|Battle timer is ON: inactive players will automatically lose when time's up. (requested by terafireflareblitz)\n|inactive|Northbooke has 60 seconds left.\n|\n|t:|1773556881\n|teamsize|p1|4\n|teamsize|p2|4\n|start\n|switch|p1a: Arcanine|Arcanine-Hisui, L50, F|100/100\n|switch|p1b: Whimsicott|Whimsicott, L50, F|100/100\n|switch|p2a: Lunala|Lunala, L50, shiny|100/100\n|switch|p2b: Indeedee|Indeedee-F, L50, F|100/100\n|-fieldstart|move: Psychic Terrain|[from] ability: Psychic Surge|[of] p2b: Indeedee\n|turn|1\n|\n|t:|1773556905\n|switch|p2b: Ursaluna|Ursaluna, L50, M|100/100\n|move|p1b: Whimsicott|Taunt|p2a: Lunala\n|-activate|p2a: Lunala|move: Psychic Terrain\n|move|p1a: Arcanine|Head Smash|p2a: Lunala|[miss]\n|-miss|p1a: Arcanine|p2a: Lunala\n|move|p2a: Lunala|Meteor Beam||[still]\n|-prepare|p2a: Lunala|Meteor Beam\n|-boost|p2a: Lunala|spa|1\n|-enditem|p2a: Lunala|Power Herb\n|-anim|p2a: Lunala|Meteor Beam|p1a: Arcanine\n|-supereffective|p1a: Arcanine\n|-damage|p1a: Arcanine|0 fnt\n|faint|p1a: Arcanine\n|\n|-status|p2b: Ursaluna|brn|[from] item: Flame Orb\n|upkeep\n|\n|t:|1773556914\n|switch|p1a: Zacian|Zacian-Crowned, L50|100/100\n|-ability|p1a: Zacian|Intrepid Sword|boost\n|-boost|p1a: Zacian|atk|1\n|turn|2\n|\n|t:|1773556935\n|move|p1a: Zacian|Sacred Sword|p2b: Ursaluna\n|-supereffective|p2b: Ursaluna\n|-damage|p2b: Ursaluna|31/100 brn\n|move|p1b: Whimsicott|Moonblast|p2a: Lunala\n|-crit|p2a: Lunala\n|-damage|p2a: Lunala|82/100\n|-unboost|p2a: Lunala|spa|1\n|move|p2a: Lunala|Expanding Force|p1b: Whimsicott|[spread] p1a,p1b\n|-resisted|p1a: Zacian\n|-damage|p1a: Zacian|69/100\n|-enditem|p1b: Whimsicott|Focus Sash\n|-damage|p1b: Whimsicott|1/100\n|move|p2b: Ursaluna|Facade|p1a: Zacian\n|-resisted|p1a: Zacian\n|-damage|p1a: Zacian|17/100\n|\n|-damage|p2b: Ursaluna|25/100 brn|[from] brn\n|upkeep\n|turn|3\n|\n|t:|1773556946\n|move|p2b: Ursaluna|Protect|p2b: Ursaluna\n|-singleturn|p2b: Ursaluna|Protect\n|move|p1a: Zacian|Sacred Sword|p2b: Ursaluna\n|-activate|p2b: Ursaluna|move: Protect\n|move|p1b: Whimsicott|Moonblast|p2a: Lunala\n|-damage|p2a: Lunala|57/100\n|-unboost|p2a: Lunala|spa|1\n|move|p2a: Lunala|Expanding Force|p1b: Whimsicott|[spread] p1a,p1b\n|-resisted|p1a: Zacian\n|-damage|p1a: Zacian|0 fnt\n|-damage|p1b: Whimsicott|0 fnt\n|faint|p1a: Zacian\n|faint|p1b: Whimsicott\n|\n|-damage|p2b: Ursaluna|19/100 brn|[from] brn\n|upkeep\n|-message|Northbooke forfeited.\n|\n|win|terafireflareblitz\n|raw|Northbooke's rating: 1053 &rarr; <strong>1032</strong><br />(-21 for losing)\n|raw|terafireflareblitz's rating: 1000 &rarr; <strong>1046</strong><br />(+46 for winning)\n|l|\u2606Northbooke\n|player|p1|\n|n|\u2606terafireflareblitz|terafireflareblitz\n|l|\u2606terafireflareblitz\n|player|p2|\n|j|\u2606terafireflareblitz\n|player|p2|terafireflareblitz|sycamore|\n|l|\u2606terafireflareblitz\n|player|p2|\n|j|\u2606terafireflareblitz\n|player|p2|terafireflareblitz|sycamore|\n|l|\u2606terafireflareblitz\n|player|p2|\n|j|\u2606terafireflareblitz\n|player|p2|terafireflareblitz|sycamore|\n","uploadtime":1773556953,"views":11,"formatid":"gen9vgc2026regi","rating":1032,"private":0,"password":null}