{"id":"gen9vgc2026regi-2590285155","format":"[Gen 9] VGC 2026 Reg I","players":["Realfrytki","unzksakdk"],"log":"|j|\u2606Realfrytki\n|j|\u2606unzksakdk\n|t:|1776798608\n|gametype|doubles\n|player|p1|Realfrytki|veteranf|1573\n|player|p2|unzksakdk|170|1499\n|gen|9\n|tier|[Gen 9] VGC 2026 Reg I\n|rated|\n|rule|Species Clause: Limit one of each Pok\u00e9mon\n|rule|Item Clause: Limit 1 of each item\n|clearpoke\n|poke|p1|Calyrex-Shadow, L50|\n|poke|p1|Terapagos, L50, M|\n|poke|p1|Iron Hands, L50|\n|poke|p1|Chi-Yu, L50|\n|poke|p1|Smeargle, L50, F|\n|poke|p1|Whimsicott, L50, F|\n|poke|p2|Groudon, L50|\n|poke|p2|Brute Bonnet, L50|\n|poke|p2|Miraidon, L50|\n|poke|p2|Farigiraf, L50, M|\n|poke|p2|Incineroar, L50, M|\n|poke|p2|Grimmsnarl, L50, M|\n|teampreview|4\n|\n|t:|1776798644\n|teamsize|p1|4\n|teamsize|p2|4\n|start\n|switch|p1a: Smeargle|Smeargle, L50, F|100/100\n|switch|p1b: Terapagos|Terapagos, L50, M|100/100\n|switch|p2a: Groudon|Groudon, L50|100/100\n|switch|p2b: Brute Bonnet|Brute Bonnet, L50|100/100\n|-activate|p1b: Terapagos|ability: Tera Shift\n|detailschange|p1b: Terapagos|Terapagos-Terastal, L50, M\n|-heal|p1b: Terapagos|100/100|[silent]\n|-weather|SunnyDay|[from] ability: Drought|[of] p2a: Groudon\n|-activate|p2b: Brute Bonnet|ability: Protosynthesis\n|-start|p2b: Brute Bonnet|protosynthesisatk\n|turn|1\n|\n|t:|1776798659\n|move|p2a: Groudon|Protect|p2a: Groudon\n|-singleturn|p2a: Groudon|Protect\n|move|p1a: Smeargle|Decorate|p1b: Terapagos\n|-boost|p1b: Terapagos|atk|2\n|-boost|p1b: Terapagos|spa|2\n|move|p1b: Terapagos|Tera Starstorm|p2b: Brute Bonnet\n|-damage|p2b: Brute Bonnet|0 fnt\n|faint|p2b: Brute Bonnet\n|-end|p2b: Brute Bonnet|Protosynthesis|[silent]\n|\n|-weather|SunnyDay|[upkeep]\n|-ability|p1a: Smeargle|Moody|boost\n|-boost|p1a: Smeargle|spa|2\n|-unboost|p1a: Smeargle|atk|1\n|upkeep\n|\n|t:|1776798696\n|switch|p2b: Miraidon|Miraidon, L50|100/100\n|-fieldstart|move: Electric Terrain|[from] ability: Hadron Engine|[of] p2b: Miraidon\n|turn|2\n|\n|t:|1776798702\n|-terastallize|p1b: Terapagos|Stellar\n|detailschange|p1b: Terapagos|Terapagos-Stellar, L50, M, tera:Stellar\n|-heal|p1b: Terapagos|100/100|[silent]\n|-ability|p1b: Terapagos|Teraform Zero\n|-weather|none\n|-fieldend|move: Electric Terrain\n|move|p2b: Miraidon|Volt Switch|p1b: Terapagos\n|-damage|p1b: Terapagos|63/100\n|\n|t:|1776798710\n|switch|p2b: Incineroar|Incineroar, L50, M|100/100|[from] Volt Switch\n|-ability|p2b: Incineroar|Intimidate|boost\n|-unboost|p1a: Smeargle|atk|1\n|-unboost|p1b: Terapagos|atk|1\n|move|p1a: Smeargle|Decorate|p1b: Terapagos\n|-boost|p1b: Terapagos|atk|2\n|-boost|p1b: Terapagos|spa|2\n|move|p1b: Terapagos|Tera Starstorm|p2a: Groudon|[spread] p2a,p2b\n|-damage|p2a: Groudon|0 fnt\n|-damage|p2b: Incineroar|0 fnt\n|faint|p2a: Groudon\n|faint|p2b: Incineroar\n|\n|-ability|p1a: Smeargle|Moody|boost\n|-boost|p1a: Smeargle|def|2\n|-unboost|p1a: Smeargle|atk|1\n|upkeep\n|-message|unzksakdk forfeited.\n|\n|win|Realfrytki\n|raw|Realfrytki's rating: 1573 &rarr; <strong>1589</strong><br />(+16 for winning)\n|raw|unzksakdk's rating: 1499 &rarr; <strong>1483</strong><br />(-16 for losing)\n|l|\u2606Realfrytki\n|player|p1|\n","uploadtime":1776798890,"views":9,"formatid":"gen9vgc2026regi","rating":1483,"private":0,"password":null}