{"id":"gen9vgc2026regi-2529213318","format":"[Gen 9] VGC 2026 Reg I","players":["VJ2511","Helloguyslol"],"log":"|j|\u2606VJ2511\n|j|\u2606Helloguyslol\n|t:|1769754518\n|gametype|doubles\n|player|p1|VJ2511|red-masters3|1472\n|player|p2|Helloguyslol|unknown|1328\n|gen|9\n|tier|[Gen 9] VGC 2026 Reg I\n|rated|\n|rule|Species Clause: Limit one of each Pok\u00e9mon\n|rule|Item Clause: Limit 1 of each item\n|clearpoke\n|poke|p1|Calyrex-Shadow, L50|\n|poke|p1|Zamazenta-*, L50|\n|poke|p1|Chien-Pao, L50|\n|poke|p1|Dragonite, L50, F|\n|poke|p1|Raging Bolt, L50|\n|poke|p1|Amoonguss, L50, M|\n|poke|p2|Calyrex-Shadow, L50|\n|poke|p2|Zacian-*, L50|\n|poke|p2|Garganacl, L50, F|\n|poke|p2|Annihilape, L50, F|\n|poke|p2|Whimsicott, L50, F|\n|poke|p2|Rillaboom, L50, F|\n|teampreview|4\n|inactive|Battle timer is ON: inactive players will automatically lose when time's up. (requested by Helloguyslol)\n|inactive|VJ2511 has 60 seconds left.\n|\n|t:|1769754559\n|teamsize|p1|4\n|teamsize|p2|4\n|start\n|switch|p1a: Zamazenta|Zamazenta-Crowned, L50|100/100\n|switch|p1b: Chien-Pao|Chien-Pao, L50|100/100\n|switch|p2a: Whimsicott|Whimsicott, L50, F|100/100\n|switch|p2b: Calyrex|Calyrex-Shadow, L50|100/100\n|-ability|p2b: Calyrex|As One\n|-ability|p2b: Calyrex|Unnerve\n|-ability|p1b: Chien-Pao|Sword of Ruin\n|-ability|p1a: Zamazenta|Dauntless Shield|boost\n|-boost|p1a: Zamazenta|def|1\n|turn|1\n|\n|t:|1769754582\n|switch|p2b: Annihilape|Annihilape, L50, F, shiny|100/100\n|move|p1b: Chien-Pao|Icy Wind|p2a: Whimsicott|[spread] p2a,p2b\n|-supereffective|p2a: Whimsicott\n|-damage|p2a: Whimsicott|67/100\n|-damage|p2b: Annihilape|90/100\n|-unboost|p2b: Annihilape|spe|1\n|move|p2a: Whimsicott|Moonblast|p1b: Chien-Pao\n|-supereffective|p1b: Chien-Pao\n|-damage|p1b: Chien-Pao|55/100\n|move|p1a: Zamazenta|Heavy Slam|p2a: Whimsicott\n|-supereffective|p2a: Whimsicott\n|-damage|p2a: Whimsicott|0 fnt\n|faint|p2a: Whimsicott\n|\n|upkeep\n|\n|t:|1769754591\n|switch|p2a: Zacian|Zacian-Crowned, L50|100/100\n|-ability|p2a: Zacian|Intrepid Sword|boost\n|-boost|p2a: Zacian|atk|1\n|turn|2\n|c|\u2606VJ2511|non defiant ape is insane to me\n|\n|t:|1769754609\n|move|p1b: Chien-Pao|Sucker Punch|p2b: Annihilape\n|-damage|p2b: Annihilape|50/100\n|move|p2a: Zacian|Behemoth Blade|p1b: Chien-Pao\n|-supereffective|p1b: Chien-Pao\n|-damage|p1b: Chien-Pao|0 fnt\n|faint|p1b: Chien-Pao\n|move|p2b: Annihilape|Final Gambit|p1a: Zamazenta\n|-damage|p1a: Zamazenta|46/100\n|faint|p2b: Annihilape\n|move|p1a: Zamazenta|Body Press|p2a: Zacian\n|-damage|p2a: Zacian|34/100\n|\n|upkeep\n|\n|t:|1769754620\n|switch|p1b: Calyrex|Calyrex-Shadow, L50|100/100\n|switch|p2b: Calyrex|Calyrex-Shadow, L50|100/100\n|-ability|p1b: Calyrex|As One\n|-ability|p1b: Calyrex|Unnerve\n|-ability|p2b: Calyrex|As One\n|-ability|p2b: Calyrex|Unnerve\n|turn|3\n|\n|t:|1769754641\n|-terastallize|p1b: Calyrex|Ghost\n|move|p1a: Zamazenta|Wide Guard|p1a: Zamazenta\n|-singleturn|p1a: Zamazenta|Wide Guard\n|move|p1b: Calyrex|Astral Barrage|p2b: Calyrex|[spread] p2a,p2b\n|-supereffective|p2b: Calyrex\n|-damage|p2a: Zacian|0 fnt\n|-enditem|p2b: Calyrex|Focus Sash\n|-damage|p2b: Calyrex|1/100\n|faint|p2a: Zacian\n|-ability|p1b: Calyrex|Grim Neigh|boost\n|-boost|p1b: Calyrex|spa|1\n|move|p2b: Calyrex|Astral Barrage|p1a: Zamazenta|[spread] \n|-activate|p1a: Zamazenta|move: Wide Guard\n|-activate|p1b: Calyrex|move: Wide Guard\n|\n|upkeep\n|turn|4\n|-message|Helloguyslol forfeited.\n|\n|win|VJ2511\n|raw|VJ2511's rating: 1472 &rarr; <strong>1484</strong><br />(+12 for winning)\n|raw|Helloguyslol's rating: 1328 &rarr; <strong>1316</strong><br />(-12 for losing)\n|l|\u2606Helloguyslol\n|player|p2|\n|l|\u2606VJ2511\n|player|p1|\n","uploadtime":1769754864,"views":11,"formatid":"gen9vgc2026regi","rating":1316,"private":0,"password":null}