{"id":"gen9vgc2026regi-2569978097","format":"[Gen 9] VGC 2026 Reg I","players":["Snowsquall brute","LycanPlays"],"log":"|j|\u2606Snowsquall brute\n|j|\u2606LycanPlays\n|t:|1774752565\n|gametype|doubles\n|player|p1|Snowsquall brute|veteran|1343\n|player|p2|LycanPlays|102|1355\n|gen|9\n|tier|[Gen 9] VGC 2026 Reg I\n|rated|\n|rule|Species Clause: Limit one of each Pok\u00e9mon\n|rule|Item Clause: Limit 1 of each item\n|clearpoke\n|poke|p1|Miraidon, L50|\n|poke|p1|Landorus-Therian, L50, M|\n|poke|p1|Kingambit, L50, M|\n|poke|p1|Lunala, L50|\n|poke|p2|Calyrex-Shadow, L50|\n|poke|p2|Koraidon, L50|\n|poke|p2|Chi-Yu, L50|\n|poke|p2|Raging Bolt, L50|\n|poke|p2|Brute Bonnet, L50|\n|poke|p2|Weezing-Galar, L50, F|\n|teampreview|4\n|\n|t:|1774752586\n|teamsize|p1|4\n|teamsize|p2|4\n|start\n|switch|p1a: Miraidon|Miraidon, L50|100/100\n|switch|p1b: Landorus|Landorus-Therian, L50, M|100/100\n|switch|p2a: Weezing|Weezing-Galar, L50, F|100/100\n|switch|p2b: Koraidon|Koraidon, L50, shiny|100/100\n|-ability|p2a: Weezing|Neutralizing Gas\n|-block|p2b: Koraidon|item: Ability Shield\n|-weather|SunnyDay|[from] ability: Orichalcum Pulse|[of] p2b: Koraidon\n|-activate|p2b: Koraidon|Orichalcum Pulse|[source]\n|turn|1\n|\n|t:|1774752609\n|-terastallize|p2b: Koraidon|Fire\n|-terastallize|p1b: Landorus|Water\n|move|p1a: Miraidon|Protect|p1a: Miraidon\n|-singleturn|p1a: Miraidon|Protect\n|move|p2b: Koraidon|Flare Blitz|p1b: Landorus\n|-resisted|p1b: Landorus\n|-damage|p1b: Landorus|34/100\n|-status|p1b: Landorus|brn\n|-damage|p2b: Koraidon|80/100|[from] Recoil\n|move|p1b: Landorus|Earthquake|p2a: Weezing|[spread] p2a,p2b\n|-activate|p1a: Miraidon|move: Protect\n|-supereffective|p2a: Weezing\n|-supereffective|p2b: Koraidon\n|-damage|p2a: Weezing|66/100\n|-damage|p2b: Koraidon|48/100\n|move|p2a: Weezing|Strange Steam|p1a: Miraidon\n|-activate|p1a: Miraidon|move: Protect\n|\n|-weather|SunnyDay|[upkeep]\n|-damage|p1b: Landorus|28/100 brn|[from] brn\n|upkeep\n|turn|2\n|\n|t:|1774752634\n|move|p2b: Koraidon|Collision Course|p1b: Landorus\n|-damage|p1b: Landorus|0 fnt\n|faint|p1b: Landorus\n|move|p1a: Miraidon|Parabolic Charge|p2a: Weezing|[spread] p2a,p2b\n|-damage|p2a: Weezing|42/100\n|-damage|p2b: Koraidon|30/100\n|move|p2a: Weezing|Strange Steam|p1a: Miraidon\n|-supereffective|p1a: Miraidon\n|-damage|p1a: Miraidon|66/100\n|-start|p1a: Miraidon|confusion\n|\n|-weather|SunnyDay|[upkeep]\n|upkeep\n|\n|t:|1774752640\n|switch|p1b: Kingambit|Kingambit, L50, M|100/100\n|turn|3\n|\n|t:|1774752653\n|move|p2b: Koraidon|Protect|p2b: Koraidon\n|-singleturn|p2b: Koraidon|Protect\n|move|p1b: Kingambit|Sucker Punch||[still]\n|-fail|p1b: Kingambit\n|-activate|p1a: Miraidon|confusion\n|-damage|p1a: Miraidon|60/100|[from] confusion\n|move|p2a: Weezing|Will-O-Wisp|p1b: Kingambit\n|-status|p1b: Kingambit|brn\n|\n|-weather|SunnyDay|[upkeep]\n|-damage|p1b: Kingambit|95/100 brn|[from] brn\n|upkeep\n|turn|4\n|\n|t:|1774752674\n|-activate|p1a: Miraidon|confusion\n|-damage|p1a: Miraidon|54/100|[from] confusion\n|move|p2b: Koraidon|Collision Course|p1b: Kingambit\n|-supereffective|p1b: Kingambit\n|-damage|p1b: Kingambit|0 fnt\n|faint|p1b: Kingambit\n|move|p2a: Weezing|Strange Steam|p1a: Miraidon\n|-supereffective|p1a: Miraidon\n|-damage|p1a: Miraidon|16/100\n|\n|-weather|SunnyDay|[upkeep]\n|upkeep\n|-message|Snowsquall brute forfeited.\n|\n|win|LycanPlays\n|raw|Snowsquall brute's rating: 1343 &rarr; <strong>1324</strong><br />(-19 for losing)\n|raw|LycanPlays's rating: 1355 &rarr; <strong>1374</strong><br />(+19 for winning)\n|l|\u2606Snowsquall brute\n|player|p1|\n|l|\u2606LycanPlays\n|player|p2|\n","uploadtime":1774752871,"views":11,"formatid":"gen9vgc2026regi","rating":1324,"private":0,"password":null}