{"id":"gen9vgc2026regi-2526457287","format":"[Gen 9] VGC 2026 Reg I","players":["ice spice rider","marcxhenry"],"log":"|j|\u2606ice spice rider\n|j|\u2606marcxhenry\n|t:|1769418399\n|gametype|doubles\n|player|p1|ice spice rider|1|1383\n|player|p2|marcxhenry|hilbert-wonderlauncher|1440\n|gen|9\n|tier|[Gen 9] VGC 2026 Reg I\n|rated|\n|rule|Species Clause: Limit one of each Pok\u00e9mon\n|rule|Item Clause: Limit 1 of each item\n|clearpoke\n|poke|p1|Calyrex-Shadow, L50|\n|poke|p1|Zamazenta-*, L50|\n|poke|p1|Ting-Lu, L50|\n|poke|p1|Dondozo, L50, F|\n|poke|p1|Chien-Pao, L50|\n|poke|p1|Ogerpon-Hearthflame, L50, F|\n|poke|p2|Calyrex-Shadow, L50|\n|poke|p2|Urshifu-*, L50, M|\n|poke|p2|Roaring Moon, L50|\n|poke|p2|Kyogre, L50|\n|poke|p2|Tsareena, L50, F|\n|poke|p2|Kingambit, L50, M|\n|teampreview|4\n|c|\u2606ice spice rider|are u always playing?\n|\n|t:|1769418438\n|teamsize|p1|4\n|teamsize|p2|4\n|start\n|switch|p1a: Emergency Button|Chien-Pao, L50|100/100\n|switch|p1b: Magnus Carlsen|Zamazenta-Crowned, L50|100/100\n|switch|p2a: Tripitz|Kyogre, L50, shiny|100/100\n|switch|p2b: Eva|Tsareena, L50, F, shiny|100/100\n|-ability|p1a: Emergency Button|Sword of Ruin\n|-ability|p1b: Magnus Carlsen|Dauntless Shield|boost\n|-boost|p1b: Magnus Carlsen|def|1\n|-weather|RainDance|[from] ability: Drizzle|[of] p2a: Tripitz\n|turn|1\n|c|\u2606marcxhenry|only in the moring for 1h and nights 1-2h\n|\n|t:|1769418463\n|switch|p2a: Ludwig|Calyrex-Shadow, L50|100/100\n|-ability|p2a: Ludwig|As One\n|-ability|p2a: Ludwig|Unnerve\n|-terastallize|p2b: Eva|Water\n|move|p1b: Magnus Carlsen|Wide Guard|p1b: Magnus Carlsen\n|-singleturn|p1b: Magnus Carlsen|Wide Guard\n|move|p1a: Emergency Button|Ice Spinner|p2b: Eva\n|-resisted|p2b: Eva\n|-damage|p2b: Eva|56/100\n|-damage|p1a: Emergency Button|91/100|[from] item: Life Orb\n|move|p2b: Eva|Power Whip|p1a: Emergency Button\n|-damage|p1a: Emergency Button|0 fnt\n|faint|p1a: Emergency Button\n|\n|-weather|RainDance|[upkeep]\n|upkeep\n|c|\u2606marcxhenry|team is 12 months old btw\n|\n|t:|1769418502\n|switch|p1a: 221 speed|Calyrex-Shadow, L50|100/100\n|-ability|p1a: 221 speed|As One\n|-ability|p1a: 221 speed|Unnerve\n|turn|2\n|j| riyuezi\n|\n|t:|1769418517\n|-terastallize|p1a: 221 speed|Ghost\n|move|p2b: Eva|Protect|p2b: Eva\n|-singleturn|p2b: Eva|Protect\n|move|p1a: 221 speed|Astral Barrage|p2b: Eva|[spread] p2a\n|-activate|p2b: Eva|move: Protect\n|-supereffective|p2a: Ludwig\n|-enditem|p2a: Ludwig|Focus Sash\n|-damage|p2a: Ludwig|1/100\n|move|p1b: Magnus Carlsen|Heavy Slam|p2a: Ludwig\n|-damage|p2a: Ludwig|0 fnt\n|faint|p2a: Ludwig\n|\n|-weather|RainDance|[upkeep]\n|upkeep\n|\n|t:|1769418532\n|switch|p2a: Hermann|Kingambit, L50, M, shiny|100/100\n|turn|3\n|-message|marcxhenry forfeited.\n|\n|win|ice spice rider\n|raw|ice spice rider's rating: 1383 &rarr; <strong>1406</strong><br />(+23 for winning)\n|raw|marcxhenry's rating: 1440 &rarr; <strong>1417</strong><br />(-23 for losing)\n|l|\u2606marcxhenry\n|player|p2|\n|l| riyuezi\n|l|\u2606ice spice rider\n|player|p1|\n","uploadtime":1769418698,"views":14,"formatid":"gen9vgc2026regi","rating":1406,"private":0,"password":null}