{"id":"gen9vgc2026regi-2578304475","format":"[Gen 9] VGC 2026 Reg I","players":["datbishgames","Kingkai08776"],"log":"|j|\u2606datbishgames\n|j|\u2606Kingkai08776\n|t:|1775666834\n|gametype|doubles\n|player|p1|datbishgames|mira|1362\n|player|p2|Kingkai08776|265|1339\n|gen|9\n|tier|[Gen 9] VGC 2026 Reg I\n|rated|\n|rule|Species Clause: Limit one of each Pok\u00e9mon\n|rule|Item Clause: Limit 1 of each item\n|clearpoke\n|poke|p1|Dialga-Origin, L50|\n|poke|p1|Ho-Oh, L50|\n|poke|p1|Rotom-Wash, L50|\n|poke|p1|Amoonguss, L50, F|\n|poke|p1|Ursaluna, L50, F|\n|poke|p1|Zoroark-Hisui, L50, M|\n|poke|p2|Calyrex-Ice, L50|\n|poke|p2|Cresselia, L50, F|\n|poke|p2|Murkrow, L50, M|\n|poke|p2|Grimmsnarl, L50, M|\n|poke|p2|Miraidon, L50|\n|poke|p2|Chesnaught, L50, F|\n|teampreview|4\n|inactive|Battle timer is ON: inactive players will automatically lose when time's up. (requested by datbishgames)\n|inactive|datbishgames has 60 seconds left.\n|\n|t:|1775666878\n|teamsize|p1|4\n|teamsize|p2|4\n|start\n|switch|p1a: Dialga|Dialga-Origin, L50|100/100\n|switch|p1b: Ursaluna|Ursaluna, L50, F|100/100\n|switch|p2a: Miraidon|Miraidon, L50|100/100\n|switch|p2b: Grimmsnarl|Grimmsnarl, L50, M|100/100\n|-fieldstart|move: Electric Terrain|[from] ability: Hadron Engine|[of] p2a: Miraidon\n|turn|1\n|inactive|Kingkai08776 has 30 seconds left.\n|\n|t:|1775666908\n|-terastallize|p2a: Miraidon|Fairy\n|move|p2a: Miraidon|Dazzling Gleam|p1a: Dialga|[spread] p1a,p1b\n|-damage|p1a: Dialga|61/100\n|-damage|p1b: Ursaluna|52/100\n|-damage|p2a: Miraidon|91/100|[from] item: Life Orb\n|move|p1b: Ursaluna|Swords Dance|p1b: Ursaluna\n|-boost|p1b: Ursaluna|atk|2\n|move|p1a: Dialga|Flash Cannon|p2b: Grimmsnarl\n|-supereffective|p2b: Grimmsnarl\n|-damage|p2b: Grimmsnarl|0 fnt\n|faint|p2b: Grimmsnarl\n|\n|-status|p1b: Ursaluna|brn|[from] item: Flame Orb\n|upkeep\n|\n|t:|1775666924\n|switch|p2b: Calyrex|Calyrex-Ice, L50|100/100\n|-ability|p2b: Calyrex|As One\n|-ability|p2b: Calyrex|Unnerve\n|turn|2\n|\n|t:|1775666946\n|move|p2a: Miraidon|Dazzling Gleam|p1b: Ursaluna|[spread] p1a,p1b\n|-damage|p1a: Dialga|23/100\n|-damage|p1b: Ursaluna|11/100 brn\n|-damage|p2a: Miraidon|81/100|[from] item: Life Orb\n|move|p1b: Ursaluna|Earthquake|p2a: Miraidon|[spread] p2a,p2b\n|-activate|p1a: Dialga|ability: Telepathy\n|-damage|p2a: Miraidon|0 fnt\n|-damage|p2b: Calyrex|33/100\n|faint|p2a: Miraidon\n|move|p1a: Dialga|Flash Cannon|p2b: Calyrex\n|-supereffective|p2b: Calyrex\n|-damage|p2b: Calyrex|0 fnt\n|faint|p2b: Calyrex\n|\n|-damage|p1b: Ursaluna|5/100 brn|[from] brn\n|upkeep\n|inactive|Kingkai08776 has 30 seconds left.\n|inactive|Kingkai08776 has 20 seconds left.\n|inactive|Kingkai08776 has 15 seconds left.\n|inactive|Kingkai08776 has 10 seconds left.\n|inactive|Kingkai08776 has 5 seconds left.\n|\n|t:|1775667001\n|switch|p2a: Cresselia|Cresselia, L50, F|100/100\n|turn|3\n|inactive|Kingkai08776 has 30 seconds left.\n|inactive|Kingkai08776 has 20 seconds left.\n|inactive|Kingkai08776 has 15 seconds left.\n|inactive|Kingkai08776 has 10 seconds left.\n|inactive|Kingkai08776 has 5 seconds left.\n|\n|t:|1775667056\n|move|p1b: Ursaluna|Facade|p2a: Cresselia\n|-damage|p2a: Cresselia|0 fnt\n|faint|p2a: Cresselia\n|\n|win|datbishgames\n|raw|datbishgames's rating: 1362 &rarr; <strong>1381</strong><br />(+19 for winning)\n|raw|Kingkai08776's rating: 1339 &rarr; <strong>1320</strong><br />(-19 for losing)\n|l|\u2606datbishgames\n|player|p1|\n","uploadtime":1775667311,"views":8,"formatid":"gen9vgc2026regi","rating":1320,"private":0,"password":null}