{"id":"gen9vgc2026regi-2516222578","format":"[Gen 9] VGC 2026 Reg I","players":["Lockedx214","Cello L."],"log":"|j|\u2606Lockedx214\n|j|\u2606Cello L.\n|t:|1768103715\n|gametype|doubles\n|player|p1|Lockedx214|kamado-armor|1285\n|player|p2|Cello L.|cynthia-gen4|1407\n|gen|9\n|tier|[Gen 9] VGC 2026 Reg I\n|rated|\n|rule|Species Clause: Limit one of each Pok\u00e9mon\n|rule|Item Clause: Limit 1 of each item\n|clearpoke\n|poke|p1|Ursaluna, L50, M|\n|poke|p1|Corviknight, L50, M|\n|poke|p1|Miraidon, L50|\n|poke|p1|Zamazenta-*, L50|\n|poke|p1|Talonflame, L50, F|\n|poke|p1|Jolteon, L50, M|\n|poke|p2|Calyrex-Shadow, L50|\n|poke|p2|Zamazenta-*, L50|\n|poke|p2|Chien-Pao, L50|\n|poke|p2|Dragonite, L50, F|\n|poke|p2|Raging Bolt, L50|\n|poke|p2|Amoonguss, L50, M|\n|teampreview|4\n|inactive|Battle timer is ON: inactive players will automatically lose when time's up. (requested by Lockedx214)\n|\n|t:|1768103735\n|teamsize|p1|4\n|teamsize|p2|4\n|start\n|switch|p1a: Iwatani|Zamazenta-Crowned, L50|100/100\n|switch|p1b: Jordan|Jolteon, L50, M|100/100\n|switch|p2a: Zamazenta|Zamazenta-Crowned, L50|100/100\n|switch|p2b: Chien-Pao|Chien-Pao, L50|100/100\n|-ability|p2b: Chien-Pao|Sword of Ruin\n|-ability|p1a: Iwatani|Dauntless Shield|boost\n|-boost|p1a: Iwatani|def|1\n|-ability|p2a: Zamazenta|Dauntless Shield|boost\n|-boost|p2a: Zamazenta|def|1\n|turn|1\n|\n|t:|1768103756\n|-terastallize|p1a: Iwatani|Fighting\n|move|p2b: Chien-Pao|Icy Wind|p1a: Iwatani|[spread] p1a,p1b\n|-crit|p1a: Iwatani\n|-damage|p1a: Iwatani|87/100\n|-damage|p1b: Jordan|85/100\n|-unboost|p1a: Iwatani|spe|1\n|-unboost|p1b: Jordan|spe|1\n|move|p2a: Zamazenta|Body Press|p1a: Iwatani\n|-damage|p1a: Iwatani|53/100\n|move|p1b: Jordan|Electroweb|p2b: Chien-Pao|[spread] p2a,p2b\n|-damage|p2a: Zamazenta|84/100\n|-damage|p2b: Chien-Pao|76/100\n|-unboost|p2a: Zamazenta|spe|1\n|-unboost|p2b: Chien-Pao|spe|1\n|-damage|p1b: Jordan|75/100|[from] item: Life Orb\n|move|p1a: Iwatani|Body Press|p2a: Zamazenta\n|-supereffective|p2a: Zamazenta\n|-damage|p2a: Zamazenta|0 fnt\n|faint|p2a: Zamazenta\n|\n|upkeep\n|\n|t:|1768103775\n|switch|p2a: Calyrex|Calyrex-Shadow, L50|100/100\n|-ability|p2a: Calyrex|As One\n|-ability|p2a: Calyrex|Unnerve\n|turn|2\n|\n|t:|1768103787\n|move|p1a: Iwatani|Wide Guard|p1a: Iwatani\n|-singleturn|p1a: Iwatani|Wide Guard\n|move|p2a: Calyrex|Psychic|p1a: Iwatani\n|-supereffective|p1a: Iwatani\n|-damage|p1a: Iwatani|0 fnt\n|faint|p1a: Iwatani\n|-ability|p2a: Calyrex|Grim Neigh|boost\n|-boost|p2a: Calyrex|spa|1\n|move|p2b: Chien-Pao|Ice Spinner|p1b: Jordan\n|-damage|p1b: Jordan|0 fnt\n|faint|p1b: Jordan\n|\n|upkeep\n|\n|t:|1768103793\n|switch|p1b: Valko|Miraidon, L50|100/100\n|switch|p1a: Jean|Talonflame, L50, F, shiny|100/100\n|-fieldstart|move: Electric Terrain|[from] ability: Hadron Engine|[of] p1b: Valko\n|turn|3\n|\n|t:|1768103806\n|move|p1a: Jean|Tailwind|p1a: Jean\n|-sidestart|p1: Lockedx214|move: Tailwind\n|move|p1b: Valko|Discharge|p2b: Chien-Pao|[spread] p1a,p2a,p2b\n|-supereffective|p1a: Jean\n|-damage|p1a: Jean|0 fnt\n|-damage|p2a: Calyrex|23/100\n|-damage|p2b: Chien-Pao|0 fnt\n|faint|p1a: Jean\n|faint|p2b: Chien-Pao\n|move|p2a: Calyrex|Astral Barrage|p1b: Valko\n|-damage|p1b: Valko|1/100\n|\n|upkeep\n|\n|t:|1768103817\n|switch|p2b: Dragonite|Dragonite, L50, F|100/100\n|turn|4\n|\n|t:|1768103840\n|move|p2b: Dragonite|Extreme Speed|p1b: Valko\n|-damage|p1b: Valko|0 fnt\n|faint|p1b: Valko\n|\n|win|Cello L.\n|raw|Lockedx214's rating: 1285 &rarr; <strong>1268</strong><br />(-17 for losing)\n|raw|Cello L.'s rating: 1407 &rarr; <strong>1420</strong><br />(+13 for winning)\n|l|\u2606Lockedx214\n|player|p1|\n","uploadtime":1768104032,"views":19,"formatid":"gen9vgc2026regi","rating":1268,"private":0,"password":null}