{"id":"gen9vgc2026regi-2577824613","format":"[Gen 9] VGC 2026 Reg I","players":["AToaster5858","Cellpab1"],"log":"|j|\u2606AToaster5858\n|j|\u2606Cellpab1\n|t:|1775609731\n|gametype|doubles\n|player|p1|AToaster5858|102|1356\n|player|p2|Cellpab1|101|1534\n|gen|9\n|tier|[Gen 9] VGC 2026 Reg I\n|rated|\n|rule|Species Clause: Limit one of each Pok\u00e9mon\n|rule|Item Clause: Limit 1 of each item\n|clearpoke\n|poke|p1|Groudon, L50|\n|poke|p1|Ho-Oh, L50|\n|poke|p1|Raging Bolt, L50|\n|poke|p1|Sableye, L50, M|\n|poke|p1|Chien-Pao, L50|\n|poke|p1|Basculegion, L50, M|\n|poke|p2|Calyrex-Ice, L50|\n|poke|p2|Miraidon, L50|\n|poke|p2|Landorus, L50, M|\n|poke|p2|Farigiraf, L50, F|\n|poke|p2|Urshifu-*, L50, M|\n|poke|p2|Incineroar, L50, M|\n|teampreview|4\n|inactive|Battle timer is ON: inactive players will automatically lose when time's up. (requested by AToaster5858)\nAToaster5858 rejected open team sheets.\n|inactive|Cellpab1 has 60 seconds left.\n|inactive|Cellpab1 has 30 seconds left.\n|inactive|Cellpab1 has 20 seconds left.\n|inactive|Cellpab1 has 15 seconds left.\n|inactive|Cellpab1 has 10 seconds left.\n|inactive|Cellpab1 has 5 seconds left.\n|\n|t:|1775609818\n|teamsize|p1|4\n|teamsize|p2|4\n|start\n|switch|p1a: Groudon|Groudon, L50|100/100\n|switch|p1b: Ho-Oh|Ho-Oh, L50|100/100\n|switch|p2a: Farigiraf|Farigiraf, L50, F|100/100\n|switch|p2b: Miraidon|Miraidon, L50|100/100\n|-fieldstart|move: Electric Terrain|[from] ability: Hadron Engine|[of] p2b: Miraidon\n|-enditem|p2a: Farigiraf|Electric Seed\n|-boost|p2a: Farigiraf|def|1|[from] item: Electric Seed\n|-weather|SunnyDay|[from] ability: Drought|[of] p1a: Groudon\n|turn|1\n|inactive|Cellpab1 has 30 seconds left.\n|\n|t:|1775609845\n|switch|p2b: Landorus|Landorus, L50, M|100/100\n|-terastallize|p1b: Ho-Oh|Grass\n|move|p1b: Ho-Oh|Sacred Fire|p2a: Farigiraf\n|-damage|p2a: Farigiraf|59/100\n|move|p1a: Groudon|Precipice Blades|p2b: Landorus|[spread] p2a\n|-immune|p2b: Landorus\n|-damage|p2a: Farigiraf|31/100\n|move|p2a: Farigiraf|Psychic|p1a: Groudon\n|-damage|p1a: Groudon|67/100\n|\n|-weather|SunnyDay|[upkeep]\n|upkeep\n|turn|2\n|inactive|Cellpab1 has 30 seconds left.\n|\n|t:|1775609879\n|move|p1b: Ho-Oh|Sacred Fire|p2a: Farigiraf\n|-damage|p2a: Farigiraf|0 fnt\n|faint|p2a: Farigiraf\n|move|p1a: Groudon|Heat Crash|p2b: Landorus\n|-damage|p2b: Landorus|36/100\n|move|p2b: Landorus|Earth Power|p1a: Groudon\n|-crit|p1a: Groudon\n|-damage|p1a: Groudon|0 fnt\n|faint|p1a: Groudon\n|\n|-weather|SunnyDay|[upkeep]\n|upkeep\n|\n|t:|1775609893\n|switch|p1a: Sableye|Sableye, L50, M|100/100\n|switch|p2a: Calyrex|Calyrex-Ice, L50|100/100\n|-ability|p2a: Calyrex|As One\n|-ability|p2a: Calyrex|Unnerve\n|turn|3\n|inactive|Cellpab1 has 30 seconds left.\n|\n|t:|1775609920\n|-terastallize|p2a: Calyrex|Fairy\n|move|p1a: Sableye|Fake Out|p2b: Landorus\n|-damage|p2b: Landorus|29/100\n|move|p1b: Ho-Oh|Sacred Fire|p2a: Calyrex\n|-damage|p2a: Calyrex|49/100\n|cant|p2b: Landorus|flinch\n|move|p2a: Calyrex|Glacial Lance|p1a: Sableye|[spread] p1a,p1b\n|-supereffective|p1b: Ho-Oh\n|-damage|p1a: Sableye|37/100\n|-damage|p1b: Ho-Oh|0 fnt\n|faint|p1b: Ho-Oh\n|-ability|p2a: Calyrex|Chilling Neigh|boost\n|-boost|p2a: Calyrex|atk|1\n|-enditem|p1a: Sableye|Red Card|[of] p2a: Calyrex\n|drag|p2a: Miraidon|Miraidon, L50|100/100\n|-activate|p2a: Miraidon|ability: Hadron Engine\n|\n|-weather|SunnyDay|[upkeep]\n|upkeep\n|\n|t:|1775609937\n|switch|p1b: Basculegion|Basculegion, L50, M|100/100\n|turn|4\n|inactive|AToaster5858 has 30 seconds left.\n|\n|t:|1775609963\n|move|p1a: Sableye|Disable|p2b: Landorus\n|-start|p2b: Landorus|Disable|Earth Power\n|move|p2a: Miraidon|Volt Switch|p1b: Basculegion\n|-supereffective|p1b: Basculegion\n|-damage|p1b: Basculegion|0 fnt\n|faint|p1b: Basculegion\n|\n|t:|1775609969\n|switch|p2a: Calyrex|Calyrex-Ice, L50, tera:Fairy|49/100|[from] Volt Switch\n|-ability|p2a: Calyrex|As One\n|-ability|p2a: Calyrex|Unnerve\n|move|p2b: Landorus|Sandsear Storm|p1a: Sableye\n|-damage|p1a: Sableye|0 fnt\n|faint|p1a: Sableye\n|\n|win|Cellpab1\n|raw|AToaster5858's rating: 1356 &rarr; <strong>1345</strong><br />(-11 for losing)\n|raw|Cellpab1's rating: 1534 &rarr; <strong>1545</strong><br />(+11 for winning)\n|l|\u2606AToaster5858\n|player|p1|\n|l|\u2606Cellpab1\n|player|p2|\n","uploadtime":1775610114,"views":11,"formatid":"gen9vgc2026regi","rating":1345,"private":0,"password":null}