{"id":"gen9vgc2026regi-2568381331","format":"[Gen 9] VGC 2026 Reg I","players":["d'oh12","Survion"],"log":"|j|\u2606d'oh12\n|j|\u2606Survion\n|t:|1774572332\n|gametype|doubles\n|player|p1|d'oh12|fantina|1265\n|player|p2|Survion|scientistf|1200\n|gen|9\n|tier|[Gen 9] VGC 2026 Reg I\n|rated|\n|rule|Species Clause: Limit one of each Pok\u00e9mon\n|rule|Item Clause: Limit 1 of each item\n|clearpoke\n|poke|p1|Lunala, L50|\n|poke|p1|Indeedee-F, L50, F|\n|poke|p1|Chi-Yu, L50|\n|poke|p1|Zacian-*, L50|\n|poke|p1|Ogerpon-Wellspring, L50, F|\n|poke|p1|Tornadus, L50, M|\n|poke|p2|Terapagos, L50, M|\n|poke|p2|Zamazenta-*, L50|\n|poke|p2|Espathra, L50, M|\n|poke|p2|Smeargle, L50, M|\n|poke|p2|Chi-Yu, L50|\n|poke|p2|Tornadus, L50, M|\n|teampreview|4\n|inactive|Battle timer is ON: inactive players will automatically lose when time's up. (requested by Survion)\nd'oh12 has agreed to open team sheets.\n|inactive|Survion has 60 seconds left.\n|inactive|d'oh12 has 60 seconds left.\n|inactive|Survion has 30 seconds left.\n|inactive|Survion has 20 seconds left.\n|inactive|Survion has 15 seconds left.\n|inactive|Survion has 10 seconds left.\n|\n|t:|1774572416\n|teamsize|p1|4\n|teamsize|p2|4\n|start\n|switch|p1a: Tornadus|Tornadus, L50, M|100/100\n|switch|p1b: Ogerpon|Ogerpon-Wellspring, L50, F|100/100\n|switch|p2a: Zamazenta|Zamazenta-Crowned, L50|100/100\n|switch|p2b: Smeargle|Smeargle, L50, M|100/100\n|-ability|p2a: Zamazenta|Dauntless Shield|boost\n|-boost|p2a: Zamazenta|def|1\n|turn|1\n|inactive|Survion has 30 seconds left.\n|\n|t:|1774572449\n|switch|p2a: Espathra|Espathra, L50, M|100/100\n|move|p1a: Tornadus|Taunt|p2b: Smeargle\n|-start|p2b: Smeargle|move: Taunt\n|move|p1b: Ogerpon|Ivy Cudgel|p2b: Smeargle|[anim] Ivy Cudgel Water\n|-enditem|p2b: Smeargle|Focus Sash\n|-damage|p2b: Smeargle|1/100\n|cant|p2b: Smeargle|move: Taunt|Decorate\n|\n|-ability|p2b: Smeargle|Moody|boost\n|-boost|p2b: Smeargle|def|2\n|-unboost|p2b: Smeargle|spa|1\n|upkeep\n|turn|2\n|\n|t:|1774572469\n|switch|p2b: Zamazenta|Zamazenta-Crowned, L50|100/100\n|move|p2a: Espathra|Protect|p2a: Espathra\n|-singleturn|p2a: Espathra|Protect\n|move|p1a: Tornadus|Bleakwind Storm|p2b: Zamazenta|[spread] \n|-activate|p2a: Espathra|move: Protect\n|-miss|p1a: Tornadus|p2b: Zamazenta\n|move|p1b: Ogerpon|Ivy Cudgel|p2a: Espathra|[anim] Ivy Cudgel Water\n|-activate|p2a: Espathra|move: Protect\n|\n|-ability|p2a: Espathra|Speed Boost|boost\n|-boost|p2a: Espathra|spe|1\n|upkeep\n|turn|3\n|\n|t:|1774572487\n|move|p1a: Tornadus|Taunt|p2b: Zamazenta\n|-start|p2b: Zamazenta|move: Taunt\n|move|p2a: Espathra|Calm Mind|p2a: Espathra\n|-boost|p2a: Espathra|spa|1\n|-boost|p2a: Espathra|spd|1\n|move|p1b: Ogerpon|Ivy Cudgel|p2a: Espathra|[anim] Ivy Cudgel Water\n|-damage|p2a: Espathra|34/100\n|move|p2b: Zamazenta|Body Press|p1b: Ogerpon\n|-damage|p1b: Ogerpon|49/100\n|\n|-ability|p2a: Espathra|Speed Boost|boost\n|-boost|p2a: Espathra|spe|1\n|upkeep\n|turn|4\n|\n|t:|1774572509\n|-terastallize|p2a: Espathra|Fairy\n|move|p1b: Ogerpon|Spiky Shield|p1b: Ogerpon\n|-singleturn|p1b: Ogerpon|move: Protect\n|move|p2a: Espathra|Dazzling Gleam|p1b: Ogerpon|[spread] p1a\n|-activate|p1b: Ogerpon|move: Protect\n|-damage|p1a: Tornadus|44/100\n|-damage|p2a: Espathra|24/100|[from] item: Life Orb\n|move|p1a: Tornadus|Bleakwind Storm|p2b: Zamazenta|[spread] p2a\n|-miss|p1a: Tornadus|p2b: Zamazenta\n|-damage|p2a: Espathra|0 fnt\n|faint|p2a: Espathra\n|move|p2b: Zamazenta|Body Press|p1a: Tornadus\n|-resisted|p1a: Tornadus\n|-damage|p1a: Tornadus|16/100\n|\n|upkeep\n|-message|Survion forfeited.\n|\n|win|d'oh12\n|raw|d&apos;oh12's rating: 1265 &rarr; <strong>1285</strong><br />(+20 for winning)\n|raw|Survion's rating: 1200 &rarr; <strong>1180</strong><br />(-20 for losing)\n|l|\u2606Survion\n|player|p2|\n|l|\u2606d'oh12\n|player|p1|\n","uploadtime":1774572754,"views":12,"formatid":"gen9vgc2026regi","rating":1180,"private":0,"password":null}