{"id":"gen9vgc2026regi-2578848998","format":"[Gen 9] VGC 2026 Reg I","players":["yaochangzhe","TheNamesBetty"],"log":"|j|\u2606yaochangzhe\n|j|\u2606TheNamesBetty\n|t:|1775727246\n|gametype|doubles\n|player|p1|yaochangzhe|170|1419\n|player|p2|TheNamesBetty|koga|1342\n|gen|9\n|tier|[Gen 9] VGC 2026 Reg I\n|rated|\n|rule|Species Clause: Limit one of each Pok\u00e9mon\n|rule|Item Clause: Limit 1 of each item\n|clearpoke\n|poke|p1|Dondozo, L50, M|\n|poke|p1|Tatsugiri, L50, F|\n|poke|p1|Incineroar, L50, F|\n|poke|p1|Iron Bundle, L50|\n|poke|p1|Calyrex-Ice, L50|\n|poke|p1|Miraidon, L50|\n|poke|p2|Koraidon, L50|\n|poke|p2|Calyrex-Shadow, L50|\n|poke|p2|Tornadus, L50, M|\n|poke|p2|Urshifu-*, L50, F|\n|poke|p2|Dewgong, L50, F|\n|poke|p2|Electabuzz, L50, F|\n|teampreview|4\nTheNamesBetty has agreed to open team sheets.\n|inactive|Battle timer is ON: inactive players will automatically lose when time's up. (requested by yaochangzhe)\n|\n|t:|1775727289\n|teamsize|p1|4\n|teamsize|p2|4\n|start\n|switch|p1a: Calyrex|Calyrex-Ice, L50|100/100\n|switch|p1b: Dondozo|Dondozo, L50, M, shiny|100/100\n|switch|p2a: Kedluben|Calyrex-Shadow, L50|100/100\n|switch|p2b: Bleblebl\u00e1k|Electabuzz, L50, F|100/100\n|-ability|p2a: Kedluben|As One\n|-ability|p2a: Kedluben|Unnerve\n|-ability|p1a: Calyrex|As One\n|-ability|p1a: Calyrex|Unnerve\n|turn|1\n|inactive|yaochangzhe has 30 seconds left.\n|inactive|yaochangzhe has 20 seconds left.\n|inactive|yaochangzhe has 15 seconds left.\n|inactive|yaochangzhe has 10 seconds left.\n|inactive|yaochangzhe has 5 seconds left.\n|\n|t:|1775727344\n|move|p2a: Kedluben|Astral Barrage|p1a: Calyrex|[spread] p1a,p1b\n|-supereffective|p1a: Calyrex\n|-damage|p1a: Calyrex|6/100\n|-damage|p1b: Dondozo|43/100\n|-damage|p2a: Kedluben|91/100|[from] item: Life Orb\n|move|p2b: Bleblebl\u00e1k|Taunt|p1a: Calyrex\n|-start|p1a: Calyrex|move: Taunt\n|move|p1b: Dondozo|Wave Crash|p2b: Bleblebl\u00e1k\n|-damage|p2b: Bleblebl\u00e1k|48/100\n|-damage|p1b: Dondozo|30/100|[from] Recoil\n|move|p1a: Calyrex|Glacial Lance|p2b: Bleblebl\u00e1k|[spread] p2a,p2b\n|-damage|p2a: Kedluben|24/100\n|-damage|p2b: Bleblebl\u00e1k|0 fnt\n|faint|p2b: Bleblebl\u00e1k\n|-ability|p1a: Calyrex|Chilling Neigh|boost\n|-boost|p1a: Calyrex|atk|1\n|\n|-heal|p1b: Dondozo|37/100|[from] item: Leftovers\n|upkeep\n|\n|t:|1775727366\n|switch|p2b: DDDMaxVerstappen|Dewgong, L50, F|100/100\n|turn|2\n|inactive|yaochangzhe has 30 seconds left.\n|inactive|yaochangzhe has 20 seconds left.\n|inactive|yaochangzhe has 15 seconds left.\n|inactive|yaochangzhe has 10 seconds left.\n|inactive|yaochangzhe has 5 seconds left.\n|\n|t:|1775727421\n|move|p2b: DDDMaxVerstappen|Fake Out|p1b: Dondozo\n|-damage|p1b: Dondozo|32/100\n|move|p2a: Kedluben|Astral Barrage|p1b: Dondozo|[spread] p1a,p1b\n|-supereffective|p1a: Calyrex\n|-damage|p1a: Calyrex|0 fnt\n|-damage|p1b: Dondozo|0 fnt\n|faint|p1a: Calyrex\n|faint|p1b: Dondozo\n|-ability|p2a: Kedluben|Grim Neigh|boost\n|-boost|p2a: Kedluben|spa|2\n|-damage|p2a: Kedluben|14/100|[from] item: Life Orb\n|\n|upkeep\n|\n|t:|1775727443\n|switch|p1b: Tatsugiri|Tatsugiri, L50, F, shiny|100/100\n|switch|p1a: Miraidon|Miraidon, L50|100/100\n|-fieldstart|move: Electric Terrain|[from] ability: Hadron Engine|[of] p1a: Miraidon\n|turn|3\n|-message|yaochangzhe forfeited.\n|\n|win|TheNamesBetty\n|raw|yaochangzhe's rating: 1419 &rarr; <strong>1395</strong><br />(-24 for losing)\n|raw|TheNamesBetty's rating: 1342 &rarr; <strong>1366</strong><br />(+24 for winning)\n|l|\u2606yaochangzhe\n|player|p1|\n|l|\u2606TheNamesBetty\n|player|p2|\n","uploadtime":1775727646,"views":8,"formatid":"gen9vgc2026regi","rating":1366,"private":0,"password":null}