{"id":"gen9vgc2026regi-2565531572","format":"[Gen 9] VGC 2026 Reg I","players":["pskire","JERRY RIVERA"],"log":"|j|\u2606pskire\n|j|\u2606JERRY RIVERA\n|t:|1774283042\n|gametype|doubles\n|player|p1|pskire|cynthia-masters4|1315\n|player|p2|JERRY RIVERA|silver|1434\n|gen|9\n|tier|[Gen 9] VGC 2026 Reg I\n|rated|\n|rule|Species Clause: Limit one of each Pok\u00e9mon\n|rule|Item Clause: Limit 1 of each item\n|clearpoke\n|poke|p1|Calyrex-Shadow, L50|\n|poke|p1|Koraidon, L50|\n|poke|p1|Rillaboom, L50, F|\n|poke|p1|Incineroar, L50, F|\n|poke|p1|Volcarona, L50, M|\n|poke|p1|Regieleki, L50|\n|poke|p2|Calyrex-Shadow, L50|\n|poke|p2|Kyogre, L50|\n|poke|p2|Ditto, L50|\n|poke|p2|Urshifu-*, L50, M|\n|poke|p2|Tornadus, L50, M|\n|poke|p2|Indeedee-F, L50, F|\n|teampreview|4\npskire has agreed to open team sheets.\n|\n|t:|1774283068\n|teamsize|p1|4\n|teamsize|p2|4\n|start\n|switch|p1a: Calyrex|Calyrex-Shadow, L50|100/100\n|switch|p1b: Regieleki|Regieleki, L50|100/100\n|switch|p2a: Bukele|Tornadus, L50, M|100/100\n|switch|p2b: F4b C0nch4|Calyrex-Shadow, L50|100/100\n|-ability|p2b: F4b C0nch4|As One\n|-ability|p2b: F4b C0nch4|Unnerve\n|-ability|p1a: Calyrex|As One\n|-ability|p1a: Calyrex|Unnerve\n|turn|1\n|\n|t:|1774283087\n|-terastallize|p2b: F4b C0nch4|Ghost\n|-terastallize|p1a: Calyrex|Dark\n|move|p2a: Bukele|Tailwind|p2a: Bukele\n|-sidestart|p2: JERRY RIVERA|move: Tailwind\n|move|p2b: F4b C0nch4|Astral Barrage|p1b: Regieleki|[spread] p1a,p1b\n|-resisted|p1a: Calyrex\n|-crit|p1a: Calyrex\n|-damage|p1a: Calyrex|22/100\n|-enditem|p1b: Regieleki|Focus Sash\n|-damage|p1b: Regieleki|1/100\n|move|p1b: Regieleki|Electroweb|p2b: F4b C0nch4|[spread] p2a\n|-miss|p1b: Regieleki|p2b: F4b C0nch4\n|-supereffective|p2a: Bukele\n|-damage|p2a: Bukele|27/100\n|-unboost|p2a: Bukele|spe|1\n|move|p1a: Calyrex|Astral Barrage|p2a: Bukele|[spread] p2a,p2b\n|-supereffective|p2b: F4b C0nch4\n|-damage|p2a: Bukele|0 fnt\n|-damage|p2b: F4b C0nch4|0 fnt\n|faint|p2a: Bukele\n|faint|p2b: F4b C0nch4\n|-ability|p1a: Calyrex|Grim Neigh|boost\n|-boost|p1a: Calyrex|spa|2\n|-damage|p1a: Calyrex|12/100|[from] item: Life Orb\n|\n|upkeep\n|\n|t:|1774283099\n|switch|p2b: Fernanditto|Ditto, L50|100/100\n|switch|p2a: Marina Gold|Indeedee-F, L50, F|100/100\n|-fieldstart|move: Psychic Terrain|[from] ability: Psychic Surge|[of] p2a: Marina Gold\n|-transform|p2b: Fernanditto|p1a: Calyrex|[from] ability: Imposter\n|-ability|p2b: Fernanditto|As One\n|-ability|p2b: Fernanditto|Unnerve\n|-start|p2b: Fernanditto|typechange|Psychic/Ghost|[silent]\n|turn|2\n|\n|t:|1774283123\n|move|p1a: Calyrex|Protect|p1a: Calyrex\n|-singleturn|p1a: Calyrex|Protect\n|move|p2b: Fernanditto|Astral Barrage|p1a: Calyrex|[spread] p1b\n|-activate|p1a: Calyrex|move: Protect\n|-crit|p1b: Regieleki\n|-damage|p1b: Regieleki|0 fnt\n|faint|p1b: Regieleki\n|-ability|p2b: Fernanditto|Grim Neigh|boost\n|-boost|p2b: Fernanditto|spa|1\n|move|p2a: Marina Gold|Psychic|p1a: Calyrex\n|-activate|p1a: Calyrex|move: Protect\n|\n|upkeep\n|\n|t:|1774283129\n|switch|p1b: Koraidon|Koraidon, L50|100/100\n|-weather|SunnyDay|[from] ability: Orichalcum Pulse|[of] p1b: Koraidon\n|-activate|p1b: Koraidon|Orichalcum Pulse|[source]\n|turn|3\n|\n|t:|1774283136\n|switch|p1b: Rillaboom|Rillaboom, L50, F|100/100\n|-fieldstart|move: Grassy Terrain|[from] ability: Grassy Surge|[of] p1b: Rillaboom\n|move|p1a: Calyrex|Protect||[still]\n|-fail|p1a: Calyrex\n|move|p2b: Fernanditto|Astral Barrage|p1b: Rillaboom|[spread] p1a,p1b\n|-resisted|p1a: Calyrex\n|-damage|p1a: Calyrex|0 fnt\n|-damage|p1b: Rillaboom|19/100\n|faint|p1a: Calyrex\n|-ability|p2b: Fernanditto|Grim Neigh|boost\n|-boost|p2b: Fernanditto|spa|1\n|move|p2a: Marina Gold|Psychic|p1b: Rillaboom\n|-damage|p1b: Rillaboom|2/100\n|\n|-weather|SunnyDay|[upkeep]\n|-heal|p1b: Rillaboom|8/100|[from] Grassy Terrain\n|upkeep\n|-message|pskire forfeited.\n|\n|win|JERRY RIVERA\n|raw|pskire's rating: 1315 &rarr; <strong>1302</strong><br />(-13 for losing)\n|raw|JERRY RIVERA's rating: 1434 &rarr; <strong>1447</strong><br />(+13 for winning)\n","uploadtime":1774283145,"views":10,"formatid":"gen9vgc2026regi","rating":1302,"private":0,"password":null}