{"id":"gen9vgc2026regi-2557127653","format":"[Gen 9] VGC 2026 Reg I","players":["Hi jump kicker","lalo's pollos"],"log":"|j|\u2606Hi jump kicker\n|j|\u2606lalo's pollos\n|t:|1773282980\n|gametype|doubles\n|player|p1|Hi jump kicker|blackbelt-gen4dp|1195\n|player|p2|lalo's pollos|102|1400\n|gen|9\n|tier|[Gen 9] VGC 2026 Reg I\n|rated|\n|rule|Species Clause: Limit one of each Pok\u00e9mon\n|rule|Item Clause: Limit 1 of each item\n|clearpoke\n|poke|p1|Murkrow, L50, M|\n|poke|p1|Reshiram, L50|\n|poke|p1|Zekrom, L50|\n|poke|p1|Landorus, L50, M|\n|poke|p1|Flutter Mane, L50|\n|poke|p1|Urshifu-*, L50, F|\n|poke|p2|Miraidon, L50|\n|poke|p2|Landorus, L50, M|\n|poke|p2|Incineroar, L50, F|\n|poke|p2|Iron Bundle, L50|\n|poke|p2|Farigiraf, L50, F|\n|poke|p2|Calyrex-Ice, L50|\n|teampreview|4\n|\n|t:|1773282998\n|teamsize|p1|4\n|teamsize|p2|4\n|start\n|switch|p1a: Murkrow|Murkrow, L50, M|100/100\n|switch|p1b: Reshiram|Reshiram, L50|100/100\n|switch|p2a: Calyrex|Calyrex-Ice, L50|100/100\n|switch|p2b: Incineroar|Incineroar, L50, F|100/100\n|-ability|p2a: Calyrex|As One\n|-ability|p2a: Calyrex|Unnerve\n|-ability|p1b: Reshiram|Turboblaze\n|-ability|p2b: Incineroar|Intimidate|boost\n|-unboost|p1a: Murkrow|atk|1\n|-unboost|p1b: Reshiram|atk|1\n|turn|1\n|\n|t:|1773283022\n|-terastallize|p1b: Reshiram|Fire\n|move|p2b: Incineroar|Fake Out|p1b: Reshiram\n|-damage|p1b: Reshiram|90/100\n|move|p1a: Murkrow|Sunny Day|p1a: Murkrow\n|-weather|SunnyDay\n|move|p1b: Reshiram|Fusion Flare|p2a: Calyrex\n|-supereffective|p2a: Calyrex\n|-damage|p2a: Calyrex|0 fnt\n|faint|p2a: Calyrex\n|\n|-weather|SunnyDay|[upkeep]\n|upkeep\n|\n|t:|1773283032\n|switch|p2a: the Manager|Farigiraf, L50, F|100/100\n|turn|2\n|\n|t:|1773283043\n|switch|p1a: Zekrom|Zekrom, L50|100/100\n|-ability|p1a: Zekrom|Teravolt\n|-terastallize|p2a: the Manager|Water\n|move|p1b: Reshiram|Fusion Flare|p2a: the Manager\n|-resisted|p2a: the Manager\n|-damage|p2a: the Manager|57/100\n|move|p2b: Incineroar|U-turn|p1a: Zekrom\n|-damage|p1a: Zekrom|86/100\n|\n|t:|1773283050\n|switch|p2b: Landorus|Landorus, L50, M|100/100|[from] U-turn\n|move|p2a: the Manager|Trick Room|p2a: the Manager\n|-fieldstart|move: Trick Room|[of] p2a: the Manager\n|\n|-weather|SunnyDay|[upkeep]\n|upkeep\n|turn|3\n|\n|t:|1773283062\n|move|p2a: the Manager|Helping Hand|p2b: Landorus\n|-singleturn|p2b: Landorus|Helping Hand|[of] p2a: the Manager\n|move|p1a: Zekrom|Fusion Bolt|p2a: the Manager\n|-supereffective|p2a: the Manager\n|-damage|p2a: the Manager|0 fnt\n|faint|p2a: the Manager\n|move|p1b: Reshiram|Fusion Flare|p2b: Landorus\n|-damage|p2b: Landorus|0 fnt\n|faint|p2b: Landorus\n|\n|-weather|SunnyDay|[upkeep]\n|upkeep\n|-message|lalo's pollos forfeited.\n|\n|win|Hi jump kicker\n|raw|Hi jump kicker's rating: 1195 &rarr; <strong>1233</strong><br />(+38 for winning)\n|raw|lalo&apos;s pollos's rating: 1400 &rarr; <strong>1369</strong><br />(-31 for losing)\n|l|\u2606lalo's pollos\n|player|p2|\n","uploadtime":1773283094,"views":12,"formatid":"gen9vgc2026regi","rating":1233,"private":0,"password":null}