{"id":"gen9vgc2026regi-2561284415","format":"[Gen 9] VGC 2026 Reg I","players":["Mirthinion","ClubSandwichBread"],"log":"|j|\u2606Mirthinion\n|j|\u2606ClubSandwichBread\n|t:|1773780388\n|gametype|doubles\n|player|p1|Mirthinion|janitor|1399\n|player|p2|ClubSandwichBread|swimmer-gen4dp|1301\n|gen|9\n|tier|[Gen 9] VGC 2026 Reg I\n|rated|\n|rule|Species Clause: Limit one of each Pok\u00e9mon\n|rule|Item Clause: Limit 1 of each item\n|clearpoke\n|poke|p1|Calyrex-Shadow, L50|\n|poke|p1|Zamazenta-*, L50|\n|poke|p1|Urshifu-*, L50, M|\n|poke|p1|Incineroar, L50, M|\n|poke|p1|Rillaboom, L50, M|\n|poke|p1|Tornadus, L50, M|\n|poke|p2|Giratina-Origin, L50|\n|poke|p2|Kyogre, L50|\n|poke|p2|Landorus, L50, M|\n|poke|p2|Slowbro, L50, M|\n|poke|p2|Whimsicott, L50, F|\n|poke|p2|Chien-Pao, L50|\n|teampreview|4\n|inactive|Battle timer is ON: inactive players will automatically lose when time's up. (requested by ClubSandwichBread)\n|inactive|Mirthinion also wants the timer to be on.\nMirthinion rejected open team sheets.\n|inactive|ClubSandwichBread has 60 seconds left.\n|\n|t:|1773780433\n|teamsize|p1|4\n|teamsize|p2|4\n|start\n|switch|p1a: Vangwe|Tornadus, L50, M|100/100\n|switch|p1b: Beowulf|Urshifu-Rapid-Strike, L50, M|100/100\n|switch|p2a: Kyogre|Kyogre, L50|100/100\n|switch|p2b: Landorus|Landorus, L50, M|100/100\n|-weather|RainDance|[from] ability: Drizzle|[of] p2a: Kyogre\n|turn|1\n|inactive|ClubSandwichBread has 30 seconds left.\n|\n|t:|1773780464\n|move|p1a: Vangwe|Tailwind|p1a: Vangwe\n|-sidestart|p1: Mirthinion|move: Tailwind\n|move|p1b: Beowulf|Close Combat|p2a: Kyogre\n|-damage|p2a: Kyogre|0 fnt\n|-unboost|p1b: Beowulf|def|1\n|-unboost|p1b: Beowulf|spd|1\n|faint|p2a: Kyogre\n|move|p2b: Landorus|Sandsear Storm|p1b: Beowulf|[spread] p1b\n|-immune|p1a: Vangwe\n|-damage|p1b: Beowulf|0 fnt\n|faint|p1b: Beowulf\n|\n|-weather|RainDance|[upkeep]\n|upkeep\n|\n|t:|1773780477\n|switch|p1b: Mithrandir|Calyrex-Shadow, L50|100/100\n|switch|p2a: Whimsicott|Whimsicott, L50, F|100/100\n|-ability|p1b: Mithrandir|As One\n|-ability|p1b: Mithrandir|Unnerve\n|turn|2\n|\n|t:|1773780493\n|move|p1a: Vangwe|Taunt|p2a: Whimsicott\n|-start|p2a: Whimsicott|move: Taunt\n|cant|p2a: Whimsicott|move: Taunt|Tailwind\n|move|p1b: Mithrandir|Astral Barrage|p2b: Landorus|[spread] p2a,p2b\n|-damage|p2a: Whimsicott|45/100\n|-damage|p2b: Landorus|42/100\n|move|p2b: Landorus|Earth Power|p1b: Mithrandir\n|-damage|p1b: Mithrandir|29/100\n|\n|-weather|RainDance|[upkeep]\n|upkeep\n|turn|3\n|-message|ClubSandwichBread forfeited.\n|\n|win|Mirthinion\n|raw|Mirthinion's rating: 1399 &rarr; <strong>1414</strong><br />(+15 for winning)\n|raw|ClubSandwichBread's rating: 1301 &rarr; <strong>1286</strong><br />(-15 for losing)\n","uploadtime":1773780510,"views":108,"formatid":"gen9vgc2026regi","rating":1286,"private":0,"password":null}