{"id":"gen9vgc2026regi-2573213370","format":"[Gen 9] VGC 2026 Reg I","players":["Hao_poke","jj11j1"],"log":"|j|\u2606Hao_poke\n|j|\u2606jj11j1\n|t:|1775103735\n|gametype|doubles\n|player|p1|Hao_poke|265|1337\n|player|p2|jj11j1|101|1312\n|gen|9\n|tier|[Gen 9] VGC 2026 Reg I\n|rated|\n|rule|Species Clause: Limit one of each Pok\u00e9mon\n|rule|Item Clause: Limit 1 of each item\n|clearpoke\n|poke|p1|Lunala, L50|\n|poke|p1|Indeedee-F, L50, F|\n|poke|p1|Calyrex-Ice, L50|\n|poke|p1|Amoonguss, L50, F|\n|poke|p1|Chi-Yu, L50|\n|poke|p1|Flutter Mane, L50|\n|poke|p2|Kyogre, L50|\n|poke|p2|Calyrex-Shadow, L50|\n|poke|p2|Landorus, L50, M|\n|poke|p2|Indeedee-F, L50, F|\n|poke|p2|Whimsicott, L50, M|\n|poke|p2|Flutter Mane, L50|\n|teampreview|4\n|\n|t:|1775103765\n|teamsize|p1|4\n|teamsize|p2|4\n|start\n|switch|p1a: Lunala|Lunala, L50|100/100\n|switch|p1b: Indeedee|Indeedee-F, L50, F|100/100\n|switch|p2a: Calyrex|Calyrex-Shadow, L50|100/100\n|switch|p2b: Flutter Mane|Flutter Mane, L50|100/100\n|-ability|p2a: Calyrex|As One\n|-ability|p2a: Calyrex|Unnerve\n|-fieldstart|move: Psychic Terrain|[from] ability: Psychic Surge|[of] p1b: Indeedee\n|-enditem|p2b: Flutter Mane|Booster Energy\n|-activate|p2b: Flutter Mane|ability: Protosynthesis|[fromitem]\n|-start|p2b: Flutter Mane|protosynthesisspe\n|turn|1\n|\n|t:|1775103793\n|-terastallize|p2a: Calyrex|Dark\n|-terastallize|p1a: Lunala|Water\n|move|p1b: Indeedee|Follow Me|p1b: Indeedee\n|-singleturn|p1b: Indeedee|move: Follow Me\n|move|p2a: Calyrex|Expanding Force|p1b: Indeedee|[spread] p1a,p1b\n|-resisted|p1b: Indeedee\n|-damage|p1a: Lunala|76/100\n|-damage|p1b: Indeedee|73/100\n|move|p2b: Flutter Mane|Trick Room|p2b: Flutter Mane\n|-fieldstart|move: Trick Room|[of] p2b: Flutter Mane\n|move|p1a: Lunala|Trick Room|p1a: Lunala\n|-fieldend|move: Trick Room\n|\n|upkeep\n|turn|2\n|\n|t:|1775103818\n|move|p2b: Flutter Mane|Moonblast|p1a: Lunala\n|-damage|p1a: Lunala|41/100\n|move|p2a: Calyrex|Expanding Force|p1a: Lunala|[spread] p1a,p1b\n|-resisted|p1b: Indeedee\n|-crit|p1b: Indeedee\n|-damage|p1a: Lunala|0 fnt\n|-damage|p1b: Indeedee|28/100\n|faint|p1a: Lunala\n|-ability|p2a: Calyrex|Grim Neigh|boost\n|-boost|p2a: Calyrex|spa|1\n|move|p1b: Indeedee|Trick Room|p1b: Indeedee\n|-fieldstart|move: Trick Room|[of] p1b: Indeedee\n|\n|upkeep\n|\n|t:|1775103825\n|switch|p1a: Calyrex|Calyrex-Ice, L50|100/100\n|-ability|p1a: Calyrex|As One\n|-ability|p1a: Calyrex|Unnerve\n|turn|3\n|\n|t:|1775103845\n|move|p1a: Calyrex|Glacial Lance|p2b: Flutter Mane|[spread] p2a,p2b\n|-damage|p2a: Calyrex|32/100\n|-damage|p2b: Flutter Mane|0 fnt\n|faint|p2b: Flutter Mane\n|-end|p2b: Flutter Mane|Protosynthesis|[silent]\n|-ability|p1a: Calyrex|Chilling Neigh|boost\n|-boost|p1a: Calyrex|atk|1\n|move|p1b: Indeedee|Magical Leaf|p2a: Calyrex\n|-damage|p2a: Calyrex|17/100\n|move|p2a: Calyrex|Astral Barrage|p1b: Indeedee|[spread] p1a\n|-immune|p1b: Indeedee\n|-supereffective|p1a: Calyrex\n|-damage|p1a: Calyrex|0 fnt\n|faint|p1a: Calyrex\n|-ability|p2a: Calyrex|Grim Neigh|boost\n|-boost|p2a: Calyrex|spa|1\n|\n|upkeep\n|\n|t:|1775103868\n|switch|p1a: Amoonguss|Amoonguss, L50, F|100/100\n|switch|p2b: Kyogre|Kyogre, L50|100/100\n|-weather|RainDance|[from] ability: Drizzle|[of] p2b: Kyogre\n|turn|4\n|-message|Hao_poke forfeited.\n|\n|win|jj11j1\n|raw|Hao_poke's rating: 1337 &rarr; <strong>1316</strong><br />(-21 for losing)\n|raw|jj11j1's rating: 1312 &rarr; <strong>1333</strong><br />(+21 for winning)\n|l|\u2606Hao_poke\n|player|p1|\n|l|\u2606jj11j1\n|player|p2|\n","uploadtime":1775104084,"views":10,"formatid":"gen9vgc2026regi","rating":1316,"private":0,"password":null}