{"id":"gen9vgc2026regi-2560575769","format":"[Gen 9] VGC 2026 Reg I","players":["Solarbloke","pigs2fly"],"log":"|j|\u2606Solarbloke\n|j|\u2606pigs2fly\n|t:|1773700719\n|gametype|doubles\n|player|p1|Solarbloke|265|1506\n|player|p2|pigs2fly|dexio|1486\n|gen|9\n|tier|[Gen 9] VGC 2026 Reg I\n|rated|\n|rule|Species Clause: Limit one of each Pok\u00e9mon\n|rule|Item Clause: Limit 1 of each item\n|clearpoke\n|poke|p1|Calyrex-Ice, L50|\n|poke|p1|Kyogre, L50|\n|poke|p1|Smeargle, L50, F|\n|poke|p1|Maushold, L50|\n|poke|p1|Basculegion, L50, M|\n|poke|p1|Bronzong, L50|\n|poke|p2|Ursaluna, L50, F|\n|poke|p2|Cresselia, L50, F|\n|poke|p2|Amoonguss, L50, M|\n|poke|p2|Basculegion, L50, M|\n|poke|p2|Zamazenta-*, L50|\n|poke|p2|Kyogre, L50|\n|teampreview|4\n|\n|t:|1773700737\n|teamsize|p1|4\n|teamsize|p2|4\n|start\n|switch|p1a: Calyrex|Calyrex-Ice, L50|100/100\n|switch|p1b: Smeargle|Smeargle, L50, F|100/100\n|switch|p2a: Basculegion|Basculegion, L50, M|100/100\n|switch|p2b: Kyogre|Kyogre, L50|100/100\n|-ability|p1a: Calyrex|As One\n|-ability|p1a: Calyrex|Unnerve\n|-weather|RainDance|[from] ability: Drizzle|[of] p2b: Kyogre\n|turn|1\n|\n|t:|1773700745\n|-terastallize|p1a: Calyrex|Grass\n|move|p1b: Smeargle|Fake Out|p2b: Kyogre\n|-damage|p2b: Kyogre|96/100\n|move|p2a: Basculegion|Wave Crash|p1b: Smeargle\n|-enditem|p1b: Smeargle|Focus Sash\n|-damage|p1b: Smeargle|1/100\n|-damage|p2a: Basculegion|73/100|[from] Recoil\n|-damage|p2a: Basculegion|64/100|[from] item: Life Orb\n|cant|p2b: Kyogre|flinch\n|move|p1a: Calyrex|Seed Bomb|p2a: Basculegion\n|-supereffective|p2a: Basculegion\n|-damage|p2a: Basculegion|0 fnt\n|faint|p2a: Basculegion\n|-ability|p1a: Calyrex|Chilling Neigh|boost\n|-boost|p1a: Calyrex|atk|1\n|\n|-weather|RainDance|[upkeep]\n|-ability|p1b: Smeargle|Moody|boost\n|-boost|p1b: Smeargle|spa|2\n|-unboost|p1b: Smeargle|def|1\n|upkeep\n|\n|t:|1773700756\n|switch|p2a: Zamazenta|Zamazenta-Crowned, L50, shiny|100/100\n|-ability|p2a: Zamazenta|Dauntless Shield|boost\n|-boost|p2a: Zamazenta|def|1\n|turn|2\n|\n|t:|1773700770\n|move|p1b: Smeargle|Follow Me|p1b: Smeargle\n|-singleturn|p1b: Smeargle|move: Follow Me\n|move|p2a: Zamazenta|Body Press|p1b: Smeargle\n|-supereffective|p1b: Smeargle\n|-damage|p1b: Smeargle|0 fnt\n|faint|p1b: Smeargle\n|move|p2b: Kyogre|Water Spout|p1a: Calyrex\n|-resisted|p1a: Calyrex\n|-damage|p1a: Calyrex|66/100\n|move|p1a: Calyrex|Seed Bomb|p2b: Kyogre\n|-supereffective|p2b: Kyogre\n|-damage|p2b: Kyogre|0 fnt\n|faint|p2b: Kyogre\n|-ability|p1a: Calyrex|Chilling Neigh|boost\n|-boost|p1a: Calyrex|atk|1\n|\n|-weather|RainDance|[upkeep]\n|upkeep\n|\n|t:|1773700779\n|switch|p1b: Kyogre|Kyogre, L50|100/100\n|switch|p2b: Ursaluna|Ursaluna, L50, F|100/100\n|turn|3\n|\n|t:|1773700789\n|move|p2b: Ursaluna|Protect|p2b: Ursaluna\n|-singleturn|p2b: Ursaluna|Protect\n|move|p1b: Kyogre|Hydro Pump|p2a: Zamazenta\n|-damage|p2a: Zamazenta|25/100\n|move|p2a: Zamazenta|Body Press|p1b: Kyogre\n|-damage|p1b: Kyogre|25/100\n|move|p1a: Calyrex|Seed Bomb|p2b: Ursaluna\n|-activate|p2b: Ursaluna|move: Protect\n|\n|-weather|RainDance|[upkeep]\n|-status|p2b: Ursaluna|brn|[from] item: Flame Orb\n|upkeep\n|turn|4\n|\n|t:|1773700807\n|-terastallize|p2b: Ursaluna|Ghost\n|move|p1b: Kyogre|Hydro Pump|p2a: Zamazenta\n|-damage|p2a: Zamazenta|0 fnt\n|faint|p2a: Zamazenta\n|move|p1a: Calyrex|Glacial Lance|p2b: Ursaluna\n|-damage|p2b: Ursaluna|0 fnt\n|faint|p2b: Ursaluna\n|\n|win|Solarbloke\n|raw|Solarbloke's rating: 1506 &rarr; <strong>1525</strong><br />(+19 for winning)\n|raw|pigs2fly's rating: 1486 &rarr; <strong>1467</strong><br />(-19 for losing)\n|l|\u2606pigs2fly\n|player|p2|\n|l|\u2606Solarbloke\n|player|p1|\n","uploadtime":1773701025,"views":14,"formatid":"gen9vgc2026regi","rating":1467,"private":0,"password":null}