{"id":"gen9vgc2026regi-2550325447","format":"[Gen 9] VGC 2026 Reg I","players":["jesuuuus","notThacrow"],"log":"|j|\u2606jesuuuus\n|j|\u2606notThacrow\n|t:|1772477170\n|gametype|doubles\n|player|p1|jesuuuus|101|\n|player|p2|notThacrow|drayton|\n|gen|9\n|tier|[Gen 9] VGC 2026 Reg I\n|rated|Tournament battle\n|rule|Species Clause: Limit one of each Pok\u00e9mon\n|rule|Item Clause: Limit 1 of each item\n|raw|<div class=\"infobox\"><details class=\"readmore\" open><summary><strong>1 custom rule:</strong></summary> force open teamsheets</details></div>\n|clearpoke\n|poke|p1|Calyrex-Shadow, L50|\n|poke|p1|Zamazenta-*, L50|\n|poke|p1|Chien-Pao, L50|\n|poke|p1|Dragonite, L50, M|\n|poke|p1|Raging Bolt, L50|\n|poke|p1|Amoonguss, L50, F|\n|poke|p2|Groudon, L50|\n|poke|p2|Smeargle, L50, F|\n|poke|p2|Raging Bolt, L50|\n|poke|p2|Chi-Yu, L50|\n|poke|p2|Calyrex-Ice, L50|\n|poke|p2|Flutter Mane, L50|\n|teampreview|4\n|showteam|p1|Calyrex-Shadow||FocusSash|AsOneSpectrier|AstralBarrage,Psychic,Encore,Protect||||||50|,,,,,Ghost]Zamazenta-Crowned||RustedShield|DauntlessShield|BodyPress,HeavySlam,WideGuard,Protect||||||50|,,,,,Dragon]Chien-Pao||AssaultVest|SwordofRuin|IceSpinner,SuckerPunch,Ruination,IcyWind||||||50|,,,,,Poison]Dragonite||ChoiceBand|InnerFocus|ExtremeSpeed,LowKick,AquaJet,Outrage|||M|||50|,,,,,Normal]Raging Bolt||BoosterEnergy|Protosynthesis|Thunderbolt,Thunderclap,DragonPulse,Protect||||||50|,,,,,Electric]Amoonguss||RockyHelmet|Regenerator|Spore,SludgeBomb,RagePowder,Protect|||F|||50|,,,,,Water\n|showteam|p2|Groudon||ClearAmulet|Drought|HeatCrash,PrecipiceBlades,HighHorsepower,Protect||||||50|,,,,,Fire]Smeargle||FocusSash|Moody|FakeOut,Spore,FollowMe,Decorate|||F|||50|,,,,,Ghost]Raging Bolt||LifeOrb|Protosynthesis|Thunderbolt,Thunderclap,DracoMeteor,Protect||||||50|,,,,,Electric]Chi-Yu||ChoiceScarf|BeadsofRuin|HeatWave,Flamethrower,DarkPulse,Snarl||||||50|,,,,,Ghost]Calyrex-Ice||NeverMeltIce|AsOneGlastrier|TrickRoom,GlacialLance,Protect,HighHorsepower||||||50|,,,,,Water]Flutter Mane||ChoiceSpecs|Protosynthesis|Moonblast,DazzlingGleam,ShadowBall,MistyTerrain||||||50|,,,,,Fairy\n|j| FBISurveillanceMan\n|inactive|Battle timer is ON: inactive players will automatically lose when time's up. (requested by notThacrow)\n|j| LanternComic\n|c|\u2606notThacrow|ughhh i gotta play this bum\n|c|\u2606jesuuuus|?\n|l| LanternComic\n|c| FBISurveillanceMan|thats kieran\n|j| mysticmarshtomp\n|inactive|jesuuuus has 60 seconds left.\n|inactive|notThacrow has 60 seconds left.\n|c| mysticmarshtomp|crucified\n|c| FBISurveillanceMan|you can tell by the very Seniors team\n|c| mysticmarshtomp|is that not vikrams team\n|c| FBISurveillanceMan|and what is vikram\n|inactive|notThacrow has 30 seconds left.\n|c| FBISurveillanceMan|I rest my case.\n|c| mysticmarshtomp|._.\n|\n|t:|1772477241\n|teamsize|p1|4\n|teamsize|p2|4\n|start\n|switch|p1a: protec|Zamazenta-Crowned, L50|100/100\n|switch|p1b: Arlie|Chien-Pao, L50|100/100\n|switch|p2a: TapuFeiny|Flutter Mane, L50|100/100\n|switch|p2b: Market Price|Chi-Yu, L50|100/100\n|-ability|p2b: Market Price|Beads of Ruin\n|-ability|p1b: Arlie|Sword of Ruin\n|-ability|p1a: protec|Dauntless Shield|boost\n|-boost|p1a: protec|def|1\n|turn|1\n|c|\u2606jesuuuus|owned\n|j|@thacrow\n|inactive|notThacrow has 30 seconds left.\n|inactive|notThacrow has 20 seconds left.\n|inactive|jesuuuus has 30 seconds left.\n|inactive|notThacrow has 15 seconds left.\n|inactive|notThacrow has 10 seconds left.\n|inactive|notThacrow has 5 seconds left.\n|\n|t:|1772477293\n|-terastallize|p1b: Arlie|Poison\n|move|p1a: protec|Protect|p1a: protec\n|-singleturn|p1a: protec|Protect\n|move|p2b: Market Price|Heat Wave|p1b: Arlie|[spread] p1b\n|-activate|p1a: protec|move: Protect\n|-damage|p1b: Arlie|57/100\n|move|p1b: Arlie|Icy Wind|p2b: Market Price|[spread] p2b\n|-miss|p1b: Arlie|p2a: TapuFeiny\n|-resisted|p2b: Market Price\n|-damage|p2b: Market Price|95/100\n|-unboost|p2b: Market Price|spe|1\n|move|p2a: TapuFeiny|Moonblast|p1b: Arlie\n|-resisted|p1b: Arlie\n|-damage|p1b: Arlie|16/100\n|\n|upkeep\n|turn|2\n|c|\u2606notThacrow|lagigng lie crazy wtf\n|\n|t:|1772477317\n|move|p1a: protec|Wide Guard|p1a: protec\n|-singleturn|p1a: protec|Wide Guard\n|move|p1b: Arlie|Ice Spinner|p2a: TapuFeiny\n|-damage|p2a: TapuFeiny|13/100\n|move|p2a: TapuFeiny|Moonblast|p1a: protec\n|-damage|p1a: protec|39/100\n|-unboost|p1a: protec|spa|1\n|move|p2b: Market Price|Heat Wave|p1b: Arlie|[spread] \n|-activate|p1a: protec|move: Wide Guard\n|-activate|p1b: Arlie|move: Wide Guard\n|\n|upkeep\n|turn|3\n|\n|t:|1772477342\n|-end|p2a: TapuFeiny|Protosynthesis|[silent]\n|switch|p2a: Fortune|Smeargle, L50, F|100/100\n|switch|p2b: Yoshimitsu|Calyrex-Ice, L50|100/100\n|-ability|p2b: Yoshimitsu|As One\n|-ability|p2b: Yoshimitsu|Unnerve\n|move|p1a: protec|Protect||[still]\n|-fail|p1a: protec\n|move|p1b: Arlie|Ruination|p2b: Yoshimitsu\n|-damage|p2b: Yoshimitsu|51/100\n|\n|-ability|p2a: Fortune|Moody|boost\n|-boost|p2a: Fortune|spe|2\n|-unboost|p2a: Fortune|atk|1\n|upkeep\n|turn|4\n|inactive|jesuuuus has 30 seconds left.\n|inactive|jesuuuus has 20 seconds left.\n|inactive|jesuuuus has 15 seconds left.\n|inactive|jesuuuus has 10 seconds left.\n|inactive|jesuuuus has 5 seconds left.\n|\n|t:|1772477397\n|move|p2a: Fortune|Spore|p1a: protec\n|-status|p1a: protec|slp|[from] move: Spore\n|move|p1b: Arlie|Ice Spinner|p2a: Fortune\n|-damage|p2a: Fortune|2/100\n|cant|p1a: protec|slp\n|move|p2b: Yoshimitsu|Trick Room|p2b: Yoshimitsu\n|-fieldstart|move: Trick Room|[of] p2b: Yoshimitsu\n|\n|-ability|p2a: Fortune|Moody|boost\n|-boost|p2a: Fortune|spd|2\n|-unboost|p2a: Fortune|spe|1\n|upkeep\n|turn|5\n|\n|t:|1772477412\n|-terastallize|p2b: Yoshimitsu|Water\n|move|p1b: Arlie|Sucker Punch|p2b: Yoshimitsu\n|-damage|p2b: Yoshimitsu|28/100\n|move|p2b: Yoshimitsu|Glacial Lance|p1b: Arlie|[spread] p1a,p1b\n|-resisted|p1a: protec\n|-crit|p1a: protec\n|-damage|p1a: protec|2/100 slp\n|-damage|p1b: Arlie|0 fnt\n|faint|p1b: Arlie\n|-ability|p2b: Yoshimitsu|Chilling Neigh|boost\n|-boost|p2b: Yoshimitsu|atk|1\n|-curestatus|p1a: protec|slp|[msg]\n|move|p1a: protec|Heavy Slam|p2a: Fortune\n|-damage|p2a: Fortune|0 fnt\n|faint|p2a: Fortune\n|\n|upkeep\n|\n|t:|1772477426\n|switch|p2a: TapuFeiny|Flutter Mane, L50|13/100\n|switch|p1b: Verizon|Amoonguss, L50, F|100/100\n|turn|6\n|l| FBISurveillanceMan\n|c|\u2606notThacrow|rigged\n|\n|t:|1772477447\n|move|p1b: Verizon|Spore|p2b: Yoshimitsu\n|-status|p2b: Yoshimitsu|slp|[from] move: Spore\n|cant|p2b: Yoshimitsu|slp\n|move|p1a: protec|Heavy Slam|p2a: TapuFeiny\n|-supereffective|p2a: TapuFeiny\n|-damage|p2a: TapuFeiny|0 fnt\n|faint|p2a: TapuFeiny\n|-end|p2a: TapuFeiny|Protosynthesis|[silent]\n|\n|upkeep\n|\n|t:|1772477458\n|switch|p2a: Market Price|Chi-Yu, L50|95/100\n|-ability|p2a: Market Price|Beads of Ruin\n|turn|7\n|-message|notThacrow forfeited.\n|\n|win|jesuuuus\n|n|\u2606jesuuuus|jesuuuus\n|n|\u2606notThacrow|notthacrow\n|n| mysticmarshtomp|mysticmarshtomp\n|n| thacrow|thacrow\n","uploadtime":1772477464,"views":12,"formatid":"gen9vgc2026regi","rating":null,"private":0,"password":null}