{"id":"gen9vgc2026regi-2547067562","format":"[Gen 9] VGC 2026 Reg I","players":["Branco h","Zorse Mentality"],"log":"|j|\u2606Branco h\n|j|\u2606Zorse Mentality\n|t:|1772043638\n|gametype|doubles\n|player|p1|Branco h|101|1352\n|player|p2|Zorse Mentality|101|1408\n|gen|9\n|tier|[Gen 9] VGC 2026 Reg I\n|rated|\n|rule|Species Clause: Limit one of each Pok\u00e9mon\n|rule|Item Clause: Limit 1 of each item\n|clearpoke\n|poke|p1|Koraidon, L50|\n|poke|p1|Calyrex-Ice, L50|\n|poke|p1|Brute Bonnet, L50|\n|poke|p1|Walking Wake, L50|\n|poke|p1|Regidrago, L50|\n|poke|p1|Regieleki, L50|\n|poke|p2|Calyrex-Ice, L50|\n|poke|p2|Kyogre, L50|\n|poke|p2|Tornadus, L50, M|\n|poke|p2|Urshifu-*, L50, M|\n|poke|p2|Indeedee-F, L50, F|\n|poke|p2|Torkoal, L50, F|\n|teampreview|4\n|inactive|Battle timer is ON: inactive players will automatically lose when time's up. (requested by Branco h)\n|inactive|Zorse Mentality has 60 seconds left.\n|\n|t:|1772043709\n|teamsize|p1|4\n|teamsize|p2|4\n|start\n|switch|p1a: Regidrago|Regidrago, L50|100/100\n|switch|p1b: Regieleki|Regieleki, L50|100/100\n|switch|p2a: Indeedee|Indeedee-F, L50, F|100/100\n|switch|p2b: Calyrex|Calyrex-Ice, L50|100/100\n|-ability|p2b: Calyrex|As One\n|-ability|p2b: Calyrex|Unnerve\n|-fieldstart|move: Psychic Terrain|[from] ability: Psychic Surge|[of] p2a: Indeedee\n|turn|1\n|inactive|Zorse Mentality has 30 seconds left.\n|inactive|Branco h has 30 seconds left.\n|inactive|Zorse Mentality has 20 seconds left.\n|inactive|Zorse Mentality has 15 seconds left.\n|inactive|Zorse Mentality has 10 seconds left.\n|\n|t:|1772043759\n|-terastallize|p1a: Regidrago|Dragon\n|move|p2a: Indeedee|Follow Me|p2a: Indeedee\n|-singleturn|p2a: Indeedee|move: Follow Me\n|move|p1b: Regieleki|Thunderbolt|p2a: Indeedee\n|-damage|p2a: Indeedee|48/100\n|move|p1a: Regidrago|Dragon Energy|p2a: Indeedee|[spread] p2a,p2b\n|-damage|p2a: Indeedee|0 fnt\n|-damage|p2b: Calyrex|0 fnt\n|faint|p2a: Indeedee\n|faint|p2b: Calyrex\n|\n|upkeep\n|\n|t:|1772043771\n|switch|p2b: Kyogre|Kyogre, L50|100/100\n|switch|p2a: Tornadus|Tornadus, L50, M|100/100\n|-weather|RainDance|[from] ability: Drizzle|[of] p2b: Kyogre\n|turn|2\n|\n|t:|1772043783\n|-terastallize|p2b: Kyogre|Electric\n|move|p2a: Tornadus|Tailwind|p2a: Tornadus\n|-sidestart|p2: Zorse Mentality|move: Tailwind\n|move|p2b: Kyogre|Water Spout|p1a: Regidrago|[spread] p1a,p1b\n|-resisted|p1a: Regidrago\n|-damage|p1a: Regidrago|40/100\n|-enditem|p1b: Regieleki|Focus Sash\n|-damage|p1b: Regieleki|1/100\n|move|p1b: Regieleki|Electroweb|p2b: Kyogre|[spread] p2a,p2b\n|-supereffective|p2a: Tornadus\n|-resisted|p2b: Kyogre\n|-damage|p2a: Tornadus|31/100\n|-damage|p2b: Kyogre|90/100\n|-unboost|p2a: Tornadus|spe|1\n|-unboost|p2b: Kyogre|spe|1\n|move|p1a: Regidrago|Dragon Energy|p2b: Kyogre|[spread] p2a,p2b\n|-crit|p2b: Kyogre\n|-damage|p2a: Tornadus|0 fnt\n|-damage|p2b: Kyogre|23/100\n|faint|p2a: Tornadus\n|\n|-weather|RainDance|[upkeep]\n|upkeep\n|turn|3\n|\n|t:|1772043805\n|move|p1b: Regieleki|Electroweb|p2b: Kyogre\n|-resisted|p2b: Kyogre\n|-damage|p2b: Kyogre|10/100\n|-unboost|p2b: Kyogre|spe|1\n|move|p2b: Kyogre|Origin Pulse|p1b: Regieleki|[spread] p1b\n|-miss|p2b: Kyogre|p1a: Regidrago\n|-damage|p1b: Regieleki|0 fnt\n|faint|p1b: Regieleki\n|move|p1a: Regidrago|Dragon Energy|p2b: Kyogre\n|-damage|p2b: Kyogre|0 fnt\n|faint|p2b: Kyogre\n|\n|win|Branco h\n|raw|Branco h's rating: 1352 &rarr; <strong>1375</strong><br />(+23 for winning)\n|raw|Zorse Mentality's rating: 1408 &rarr; <strong>1385</strong><br />(-23 for losing)\n|l|\u2606Branco h\n|player|p1|\n|l|\u2606Zorse Mentality\n|player|p2|\n","uploadtime":1772044049,"views":17,"formatid":"gen9vgc2026regi","rating":1375,"private":0,"password":null}