{"id":"gen9vgc2026regi-2559435028","format":"[Gen 9] VGC 2026 Reg I","players":["Kingkai087777","slimeslatt252"],"log":"|j|\u2606Kingkai087777\n|j|\u2606slimeslatt252\n|t:|1773566618\n|gametype|doubles\n|player|p1|Kingkai087777|1|1219\n|player|p2|slimeslatt252|265|1308\n|gen|9\n|tier|[Gen 9] VGC 2026 Reg I\n|rated|\n|rule|Species Clause: Limit one of each Pok\u00e9mon\n|rule|Item Clause: Limit 1 of each item\n|clearpoke\n|poke|p1|Calyrex-Shadow, L50|\n|poke|p1|Chesnaught, L50, F|\n|poke|p1|Incineroar, L50, F|\n|poke|p1|Miraidon, L50|\n|poke|p1|Ogerpon-Wellspring, L50, F|\n|poke|p1|Iron Jugulis, L50|\n|poke|p2|Miraidon, L50|\n|poke|p2|Calyrex-Ice, L50|\n|poke|p2|Amoonguss, L50, F|\n|poke|p2|Incineroar, L50, M|\n|poke|p2|Urshifu-*, L50, F|\n|poke|p2|Landorus, L50, M|\n|teampreview|4\n|inactive|Battle timer is ON: inactive players will automatically lose when time's up. (requested by slimeslatt252)\n|\n|t:|1773566640\n|teamsize|p1|4\n|teamsize|p2|4\n|start\n|switch|p1a: Iron Jugulis|Iron Jugulis, L50|100/100\n|switch|p1b: Chesnaught|Chesnaught, L50, F|100/100\n|switch|p2a: Calyrex|Calyrex-Ice, L50|100/100\n|switch|p2b: Incineroar|Incineroar, L50, M|100/100\n|-ability|p2a: Calyrex|As One\n|-ability|p2a: Calyrex|Unnerve\n|-ability|p2b: Incineroar|Intimidate|boost\n|-unboost|p1a: Iron Jugulis|atk|1\n|-unboost|p1b: Chesnaught|atk|1\n|-enditem|p1a: Iron Jugulis|Booster Energy\n|-activate|p1a: Iron Jugulis|ability: Quark Drive|[fromitem]\n|-start|p1a: Iron Jugulis|quarkdrivespe\n|turn|1\n|inactive|slimeslatt252 has 30 seconds left.\n|\n|t:|1773566669\n|-end|p1a: Iron Jugulis|Quark Drive|[silent]\n|switch|p1a: Miraidon|Miraidon, L50|100/100\n|-fieldstart|move: Electric Terrain|[from] ability: Hadron Engine|[of] p1a: Miraidon\n|-enditem|p1b: Chesnaught|Electric Seed\n|-boost|p1b: Chesnaught|def|1|[from] item: Electric Seed\n|move|p2b: Incineroar|Fake Out|p1b: Chesnaught\n|-damage|p1b: Chesnaught|95/100\n|cant|p1b: Chesnaught|flinch\n|move|p2a: Calyrex|Glacial Lance|p1a: Miraidon|[spread] p1a,p1b\n|-supereffective|p1a: Miraidon\n|-supereffective|p1b: Chesnaught\n|-damage|p1a: Miraidon|0 fnt\n|-damage|p1b: Chesnaught|37/100\n|faint|p1a: Miraidon\n|-ability|p2a: Calyrex|Chilling Neigh|boost\n|-boost|p2a: Calyrex|atk|1\n|\n|upkeep\n|-message|Kingkai087777 forfeited.\n|\n|win|slimeslatt252\n|raw|Kingkai087777's rating: 1219 &rarr; <strong>1200</strong><br />(-19 for losing)\n|raw|slimeslatt252's rating: 1308 &rarr; <strong>1323</strong><br />(+15 for winning)\n|l|\u2606Kingkai087777\n|player|p1|\n","uploadtime":1773566928,"views":15,"formatid":"gen9vgc2026regi","rating":1200,"private":0,"password":null}