{"id":"gen9vgc2026regi-2518517457","format":"[Gen 9] VGC 2026 Reg I","players":["marcxhenry","dasabe\u76d6\u6b27\u5361\u4fa0"],"log":"|j|\u2606marcxhenry\n|j|\u2606dasabe\u76d6\u6b27\u5361\u4fa0\n|t:|1768400306\n|gametype|doubles\n|player|p1|marcxhenry|hilbert-wonderlauncher|1283\n|player|p2|dasabe\u76d6\u6b27\u5361\u4fa0|may-masters4|1434\n|gen|9\n|tier|[Gen 9] VGC 2026 Reg I\n|rated|\n|rule|Species Clause: Limit one of each Pok\u00e9mon\n|rule|Item Clause: Limit 1 of each item\n|clearpoke\n|poke|p1|Calyrex-Shadow, L50|\n|poke|p1|Urshifu-*, L50, M|\n|poke|p1|Roaring Moon, L50|\n|poke|p1|Kyogre, L50|\n|poke|p1|Tsareena, L50, F|\n|poke|p1|Kingambit, L50, M|\n|poke|p2|Groudon, L50|\n|poke|p2|Chi-Yu, L50|\n|poke|p2|Flutter Mane, L50|\n|poke|p2|Jumpluff, L50, F|\n|poke|p2|Lunala, L50|\n|poke|p2|Indeedee-F, L50, F|\n|teampreview|4\n|\n|t:|1768400324\n|teamsize|p1|4\n|teamsize|p2|4\n|start\n|switch|p1a: Ludwig|Calyrex-Shadow, L50|100/100\n|switch|p1b: Tripitz|Kyogre, L50, shiny|100/100\n|switch|p2a: P\u56fa\u771f\u5927|Groudon, L50|100/100\n|switch|p2b: \u5f3a\u6bfd\u5c0f\u5b50|Jumpluff, L50, F, shiny|100/100\n|-ability|p1a: Ludwig|As One\n|-ability|p1a: Ludwig|Unnerve\n|-weather|RainDance|[from] ability: Drizzle|[of] p1b: Tripitz\n|-weather|SunnyDay|[from] ability: Drought|[of] p2a: P\u56fa\u771f\u5927\n|turn|1\n|\n|t:|1768400339\n|switch|p1b: Eva|Tsareena, L50, F, shiny|100/100\n|move|p1a: Ludwig|Protect|p1a: Ludwig\n|-singleturn|p1a: Ludwig|Protect\n|move|p2b: \u5f3a\u6bfd\u5c0f\u5b50|Sleep Powder|p1a: Ludwig\n|-activate|p1a: Ludwig|move: Protect\n|move|p2a: P\u56fa\u771f\u5927|Precipice Blades|p1a: Ludwig|[spread] p1b\n|-activate|p1a: Ludwig|move: Protect\n|-resisted|p1b: Eva\n|-damage|p1b: Eva|54/100\n|\n|-weather|SunnyDay|[upkeep]\n|upkeep\n|turn|2\n|\n|t:|1768400356\n|switch|p1a: Tripitz|Kyogre, L50, shiny|100/100\n|-weather|RainDance|[from] ability: Drizzle|[of] p1a: Tripitz\n|move|p2b: \u5f3a\u6bfd\u5c0f\u5b50|Pollen Puff|p1b: Eva\n|-supereffective|p1b: Eva\n|-damage|p1b: Eva|25/100\n|move|p2a: P\u56fa\u771f\u5927|Precipice Blades|p1b: Eva|[spread] p1a,p1b\n|-resisted|p1b: Eva\n|-damage|p1a: Tripitz|6/100\n|-damage|p1b: Eva|0 fnt\n|faint|p1b: Eva\n|\n|-weather|RainDance|[upkeep]\n|upkeep\n|-message|marcxhenry forfeited.\n|\n|win|dasabe\u76d6\u6b27\u5361\u4fa0\n|raw|marcxhenry's rating: 1283 &rarr; <strong>1268</strong><br />(-15 for losing)\n|raw|dasabe\u76d6\u6b27\u5361\u4fa0's rating: 1434 &rarr; <strong>1446</strong><br />(+12 for winning)\n|l|\u2606marcxhenry\n|player|p1|\n|l|\u2606dasabe\u76d6\u6b27\u5361\u4fa0\n|player|p2|\n|j| blackred123\u5415\u5e03\u4fa0\n","uploadtime":1768400369,"views":14,"formatid":"gen9vgc2026regi","rating":1268,"private":0,"password":null}