{"id":"gen9vgc2026regi-2546031558","format":"[Gen 9] VGC 2026 Reg I","players":["cqygfxgfst","huanyu0.0"],"log":"|j|\u2606cqygfxgfst\n|j|\u2606huanyu0.0\n|t:|1771917299\n|gametype|doubles\n|player|p1|cqygfxgfst|fisherman-gen4|1225\n|player|p2|huanyu0.0|102|1514\n|gen|9\n|tier|[Gen 9] VGC 2026 Reg I\n|rated|\n|rule|Species Clause: Limit one of each Pok\u00e9mon\n|rule|Item Clause: Limit 1 of each item\n|clearpoke\n|poke|p1|Calyrex-Ice, L50|\n|poke|p1|Miraidon, L50|\n|poke|p1|Grimmsnarl, L50, M|\n|poke|p1|Urshifu-*, L50, M|\n|poke|p1|Incineroar, L50, F|\n|poke|p1|Landorus, L50, M|\n|poke|p2|Groudon, L50|\n|poke|p2|Indeedee-F, L50, F|\n|poke|p2|Terapagos, L50, M|\n|poke|p2|Whimsicott, L50, M|\n|poke|p2|Volcarona, L50, M|\n|poke|p2|Raging Bolt, L50|\n|teampreview|4\n|inactive|Battle timer is ON: inactive players will automatically lose when time's up. (requested by cqygfxgfst)\n|inactive|cqygfxgfst has 60 seconds left.\n|inactive|huanyu0.0 has 60 seconds left.\n|\n|t:|1771917351\n|teamsize|p1|4\n|teamsize|p2|4\n|start\n|switch|p1a: Incineroar|Incineroar, L50, F|100/100\n|switch|p1b: Miraidon|Miraidon, L50|100/100\n|switch|p2a: Indeedee|Indeedee-F, L50, F|100/100\n|switch|p2b: Terapagos|Terapagos, L50, M|100/100\n|-activate|p2b: Terapagos|ability: Tera Shift\n|detailschange|p2b: Terapagos|Terapagos-Terastal, L50, M\n|-heal|p2b: Terapagos|100/100|[silent]\n|-fieldstart|move: Electric Terrain|[from] ability: Hadron Engine|[of] p1b: Miraidon\n|-ability|p1a: Incineroar|Intimidate|boost\n|-unboost|p2a: Indeedee|atk|1\n|-unboost|p2b: Terapagos|atk|1\n|-fieldstart|move: Psychic Terrain|[from] ability: Psychic Surge|[of] p2a: Indeedee\n|turn|1\n|inactive|cqygfxgfst has 30 seconds left.\n|inactive|cqygfxgfst has 20 seconds left.\n|\n|t:|1771917390\n|-terastallize|p2b: Terapagos|Stellar\n|detailschange|p2b: Terapagos|Terapagos-Stellar, L50, M, tera:Stellar\n|-heal|p2b: Terapagos|100/100|[silent]\n|-ability|p2b: Terapagos|Teraform Zero\n|-fieldend|move: Psychic Terrain\n|move|p2a: Indeedee|Fake Out|p1a: Incineroar\n|-damage|p1a: Incineroar|95/100\n|move|p1b: Miraidon|Volt Switch|p2b: Terapagos\n|-damage|p2b: Terapagos|65/100\n|\n|t:|1771917403\n|switch|p1b: Landorus|Landorus, L50, M|100/100|[from] Volt Switch\n|cant|p1a: Incineroar|flinch\n|move|p2b: Terapagos|Meteor Beam||[still]\n|-prepare|p2b: Terapagos|Meteor Beam\n|-boost|p2b: Terapagos|spa|1\n|-enditem|p2b: Terapagos|Power Herb\n|-anim|p2b: Terapagos|Meteor Beam|p1a: Incineroar\n|-supereffective|p1a: Incineroar\n|-damage|p1a: Incineroar|0 fnt\n|faint|p1a: Incineroar\n|\n|upkeep\n|\n|t:|1771917418\n|switch|p1a: Calyrex|Calyrex-Ice, L50|100/100\n|-ability|p1a: Calyrex|As One\n|-ability|p1a: Calyrex|Unnerve\n|turn|2\n|\n|t:|1771917437\n|-terastallize|p1a: Calyrex|Water\n|move|p2a: Indeedee|Helping Hand|p2b: Terapagos\n|-singleturn|p2b: Terapagos|Helping Hand|[of] p2a: Indeedee\n|move|p1b: Landorus|Taunt|p2a: Indeedee\n|-start|p2a: Indeedee|move: Taunt\n|move|p2b: Terapagos|Tera Starstorm|p1b: Landorus|[spread] p1a,p1b\n|-supereffective|p1a: Calyrex\n|-damage|p1a: Calyrex|0 fnt\n|-damage|p1b: Landorus|20/100\n|faint|p1a: Calyrex\n|\n|upkeep\n|-message|cqygfxgfst forfeited.\n|\n|win|huanyu0.0\n|raw|cqygfxgfst's rating: 1225 &rarr; <strong>1217</strong><br />(-8 for losing)\n|raw|huanyu0.0's rating: 1514 &rarr; <strong>1520</strong><br />(+6 for winning)\n|l|\u2606cqygfxgfst\n|player|p1|\n|l|\u2606huanyu0.0\n|player|p2|\n","uploadtime":1771917715,"views":13,"formatid":"gen9vgc2026regi","rating":1217,"private":0,"password":null}