{"id":"gen9vgc2026regi-2579743212","format":"[Gen 9] VGC 2026 Reg I","players":["eternalflame906","TheNamesBetty"],"log":"|j|\u2606eternalflame906\n|j|\u2606TheNamesBetty\n|t:|1775823670\n|gametype|doubles\n|player|p1|eternalflame906|lance|1262\n|player|p2|TheNamesBetty|koga|1365\n|gen|9\n|tier|[Gen 9] VGC 2026 Reg I\n|rated|\n|rule|Species Clause: Limit one of each Pok\u00e9mon\n|rule|Item Clause: Limit 1 of each item\n|clearpoke\n|poke|p1|Raging Bolt, L50|\n|poke|p1|Miraidon, L50|\n|poke|p1|Iron Bundle, L50|\n|poke|p1|Rillaboom, L50, F|\n|poke|p1|Gholdengo, L50|\n|poke|p1|Incineroar, L50, M|\n|poke|p2|Koraidon, L50|\n|poke|p2|Calyrex-Shadow, L50|\n|poke|p2|Roaring Moon, L50|\n|poke|p2|Urshifu-*, L50, M|\n|poke|p2|Electabuzz, L50, F|\n|poke|p2|Dewgong, L50, F|\n|teampreview|4\n|inactive|Battle timer is ON: inactive players will automatically lose when time's up. (requested by eternalflame906)\nTheNamesBetty has agreed to open team sheets.\n|inactive|eternalflame906 has 60 seconds left.\neternalflame906 has agreed to open team sheets.\n|showteam|p1|Raging Bolt||WeaknessPolicy|Protosynthesis|RisingVoltage,DragonPulse,Thunderclap,Snarl||||||50|,,,,,Fairy]Miraidon||ChoiceSpecs|HadronEngine|Discharge,VoltSwitch,DracoMeteor,DazzlingGleam||||||50|,,,,,Electric]Iron Bundle||FocusSash|QuarkDrive|TeraBlast,IcyWind,HydroPump,Protect||||||50|,,,,,Ground]Rillaboom||CovertCloak|GrassySurge|FakeOut,GrassyGlide,WoodHammer,Uturn|||F|||50|,,,,,Water]Gholdengo||ChoiceScarf|GoodasGold|MakeItRain,FocusBlast,ShadowBall,TeraBlast||||||50|,,,,,Ground]Incineroar||AssaultVest|Intimidate|FakeOut,KnockOff,FlareBlitz,Uturn|||M|||50|,,,,,Ghost\n|showteam|p2|Koraidon||ClearAmulet|OrichalcumPulse|FlareBlitz,CollisionCourse,FlameCharge,Protect||||||50|,,,,,Fire]Calyrex-Shadow||LifeOrb|AsOneSpectrier|AstralBarrage,Psychic,NastyPlot,Protect||||||50|,,,,,Dark]Roaring Moon||BoosterEnergy|Protosynthesis|Tailwind,Crunch,StompingTantrum,Snarl||||||50|,,,,,Ground]Urshifu||ChoiceScarf|UnseenFist|WickedBlow,CloseCombat,SuckerPunch,Uturn|||M|||50|,,,,,Water]Electabuzz||Eviolite|VitalSpirit|FollowMe,Feint,Taunt,Electroweb|||F|||50|,,,,,Electric]Dewgong||CovertCloak|ThickFat|FakeOut,PerishSong,AquaJet,Protect|||F|||50|,,,,,Ground\n|inactive|eternalflame906 has 30 seconds left.\n|inactive|eternalflame906 has 20 seconds left.\n|inactive|eternalflame906 has 15 seconds left.\n|inactive|eternalflame906 has 10 seconds left.\n|\n|t:|1775823754\n|teamsize|p1|4\n|teamsize|p2|4\n|start\n|switch|p1a: Wolfey|Incineroar, L50, M|100/100\n|switch|p1b: Jackson Storm|Iron Bundle, L50|100/100\n|switch|p2a: Kedluben|Calyrex-Shadow, L50|100/100\n|switch|p2b: Bleblebl\u00e1k|Electabuzz, L50, F|100/100\n|-ability|p2a: Kedluben|As One\n|-ability|p2a: Kedluben|Unnerve\n|-ability|p1a: Wolfey|Intimidate|boost\n|-unboost|p2a: Kedluben|atk|1\n|-unboost|p2b: Bleblebl\u00e1k|atk|1\n|turn|1\n|\n|t:|1775823772\n|move|p1b: Jackson Storm|Protect|p1b: Jackson Storm\n|-singleturn|p1b: Jackson Storm|Protect\n|move|p2b: Bleblebl\u00e1k|Feint|p1b: Jackson Storm\n|-activate|p1b: Jackson Storm|move: Feint\n|-damage|p1b: Jackson Storm|95/100\n|move|p2a: Kedluben|Astral Barrage|p1b: Jackson Storm|[spread] p1a,p1b\n|-resisted|p1a: Wolfey\n|-damage|p1a: Wolfey|81/100\n|-damage|p1b: Jackson Storm|0 fnt\n|faint|p1b: Jackson Storm\n|-end|p1b: Jackson Storm|Quark Drive|[silent]\n|-ability|p2a: Kedluben|Grim Neigh|boost\n|-boost|p2a: Kedluben|spa|1\n|-damage|p2a: Kedluben|91/100|[from] item: Life Orb\n|move|p1a: Wolfey|Flare Blitz|p2b: Bleblebl\u00e1k\n|-damage|p2b: Bleblebl\u00e1k|39/100\n|-damage|p1a: Wolfey|64/100|[from] Recoil\n|\n|upkeep\n|\n|t:|1775823795\n|switch|p1b: Zeus's Pimp|Miraidon, L50|100/100\n|-fieldstart|move: Electric Terrain|[from] ability: Hadron Engine|[of] p1b: Zeus's Pimp\n|turn|2\n|\n|t:|1775823808\n|move|p2b: Bleblebl\u00e1k|Follow Me|p2b: Bleblebl\u00e1k\n|-singleturn|p2b: Bleblebl\u00e1k|move: Follow Me\n|move|p2a: Kedluben|Psychic|p1b: Zeus's Pimp\n|-damage|p1b: Zeus's Pimp|0 fnt\n|faint|p1b: Zeus's Pimp\n|-ability|p2a: Kedluben|Grim Neigh|boost\n|-boost|p2a: Kedluben|spa|1\n|-damage|p2a: Kedluben|81/100|[from] item: Life Orb\n|move|p1a: Wolfey|Knock Off|p2b: Bleblebl\u00e1k\n|-damage|p2b: Bleblebl\u00e1k|0 fnt\n|-enditem|p2b: Bleblebl\u00e1k|Eviolite|[from] move: Knock Off|[of] p1a: Wolfey\n|faint|p2b: Bleblebl\u00e1k\n|\n|upkeep\n|\n|t:|1775823816\n|switch|p1b: Harambe|Rillaboom, L50, F|100/100\n|switch|p2b: Houska se sal\u00e1mem|Urshifu, L50, M|100/100\n|-fieldstart|move: Grassy Terrain|[from] ability: Grassy Surge|[of] p1b: Harambe\n|turn|3\n|\n|t:|1775823836\n|move|p1b: Harambe|Fake Out|p2b: Houska se sal\u00e1mem\n|-damage|p2b: Houska se sal\u00e1mem|87/100\n|cant|p2b: Houska se sal\u00e1mem|flinch\n|move|p2a: Kedluben|Astral Barrage|p1b: Harambe|[spread] p1a,p1b\n|-resisted|p1a: Wolfey\n|-damage|p1a: Wolfey|21/100\n|-damage|p1b: Harambe|0 fnt\n|faint|p1b: Harambe\n|-ability|p2a: Kedluben|Grim Neigh|boost\n|-boost|p2a: Kedluben|spa|1\n|-damage|p2a: Kedluben|71/100|[from] item: Life Orb\n|move|p1a: Wolfey|Knock Off|p2a: Kedluben\n|-supereffective|p2a: Kedluben\n|-damage|p2a: Kedluben|0 fnt\n|-enditem|p2a: Kedluben|Life Orb|[from] move: Knock Off|[of] p1a: Wolfey\n|faint|p2a: Kedluben\n|\n|-heal|p2b: Houska se sal\u00e1mem|94/100|[from] Grassy Terrain\n|-heal|p1a: Wolfey|27/100|[from] Grassy Terrain\n|upkeep\n|\n|t:|1775823839\n|switch|p2a: Jan\u017di\u017ekaZTrocnova|Koraidon, L50|100/100\n|-weather|SunnyDay|[from] ability: Orichalcum Pulse|[of] p2a: Jan\u017di\u017ekaZTrocnova\n|-activate|p2a: Jan\u017di\u017ekaZTrocnova|Orichalcum Pulse|[source]\n|turn|4\n|c|\u2606eternalflame906|that feint cooked me\n|c|\u2606eternalflame906|gg\n|-message|eternalflame906 forfeited.\n|\n|win|TheNamesBetty\n|raw|eternalflame906's rating: 1262 &rarr; <strong>1244</strong><br />(-18 for losing)\n|raw|TheNamesBetty's rating: 1365 &rarr; <strong>1379</strong><br />(+14 for winning)\n|l|\u2606eternalflame906\n|player|p1|\n|l|\u2606TheNamesBetty\n|player|p2|\n","uploadtime":1775824055,"views":10,"formatid":"gen9vgc2026regi","rating":1244,"private":0,"password":null}