{"id":"gen9vgc2026regi-2577877674","format":"[Gen 9] VGC 2026 Reg I","players":["Luca8","eru_kh"],"log":"|j|\u2606Luca8\n|j|\u2606eru_kh\n|t:|1775615343\n|gametype|doubles\n|player|p1|Luca8|flint|1399\n|player|p2|eru_kh|170|1411\n|gen|9\n|tier|[Gen 9] VGC 2026 Reg I\n|rated|\n|rule|Species Clause: Limit one of each Pok\u00e9mon\n|rule|Item Clause: Limit 1 of each item\n|clearpoke\n|poke|p1|Zamazenta-*, L50|\n|poke|p1|Calyrex-Shadow, L50|\n|poke|p1|Indeedee-F, L50, F|\n|poke|p1|Torkoal, L50, M|\n|poke|p1|Fezandipiti, L50, M|\n|poke|p1|Pelipper, L50, M|\n|poke|p2|Terapagos, L50, M|\n|poke|p2|Calyrex-Shadow, L50|\n|poke|p2|Incineroar, L50, M|\n|poke|p2|Rillaboom, L50, F|\n|poke|p2|Ogerpon-Hearthflame, L50, F|\n|poke|p2|Raging Bolt, L50|\n|teampreview|4\n|\n|t:|1775615365\n|teamsize|p1|4\n|teamsize|p2|4\n|start\n|switch|p1a: Fezandipiti|Fezandipiti, L50, M|100/100\n|switch|p1b: Zamazenta|Zamazenta-Crowned, L50|100/100\n|switch|p2a: Terapagos|Terapagos, L50, M|100/100\n|switch|p2b: Raging Bolt|Raging Bolt, L50|100/100\n|-activate|p2a: Terapagos|ability: Tera Shift\n|detailschange|p2a: Terapagos|Terapagos-Terastal, L50, M\n|-heal|p2a: Terapagos|100/100|[silent]\n|-ability|p1b: Zamazenta|Dauntless Shield|boost\n|-boost|p1b: Zamazenta|def|1\n|-enditem|p2b: Raging Bolt|Booster Energy\n|-activate|p2b: Raging Bolt|ability: Protosynthesis|[fromitem]\n|-start|p2b: Raging Bolt|protosynthesisspa\n|turn|1\n|\n|t:|1775615406\n|move|p2a: Terapagos|Meteor Beam||[still]\n|-prepare|p2a: Terapagos|Meteor Beam\n|-boost|p2a: Terapagos|spa|1\n|-enditem|p2a: Terapagos|Power Herb\n|-anim|p2a: Terapagos|Meteor Beam|p1a: Fezandipiti\n|-damage|p1a: Fezandipiti|63/100\n|move|p1b: Zamazenta|Body Press|p2b: Raging Bolt\n|-damage|p2b: Raging Bolt|56/100\n|move|p1a: Fezandipiti|Icy Wind|p2b: Raging Bolt|[spread] p2a,p2b\n|-activate|p2a: Terapagos|ability: Tera Shell\n|-resisted|p2a: Terapagos\n|-supereffective|p2b: Raging Bolt\n|-damage|p2a: Terapagos|98/100\n|-damage|p2b: Raging Bolt|44/100\n|-unboost|p2a: Terapagos|spe|1\n|-unboost|p2b: Raging Bolt|spe|1\n|-status|p2b: Raging Bolt|tox|[from] ability: Toxic Chain|[of] p1a: Fezandipiti\n|move|p2b: Raging Bolt|Thunderbolt|p1a: Fezandipiti\n|-damage|p1a: Fezandipiti|20/100\n|\n|-damage|p2b: Raging Bolt|37/100 tox|[from] psn\n|upkeep\n|turn|2\n|\n|t:|1775615442\n|move|p1b: Zamazenta|Body Press|p2b: Raging Bolt\n|-damage|p2b: Raging Bolt|0 fnt\n|faint|p2b: Raging Bolt\n|-end|p2b: Raging Bolt|Protosynthesis|[silent]\n|move|p1a: Fezandipiti|Tailwind|p1a: Fezandipiti\n|-sidestart|p1: Luca8|move: Tailwind\n|move|p2a: Terapagos|Earth Power|p1a: Fezandipiti\n|-supereffective|p1a: Fezandipiti\n|-damage|p1a: Fezandipiti|0 fnt\n|faint|p1a: Fezandipiti\n|\n|upkeep\n|\n|t:|1775615457\n|switch|p1a: Calyrex|Calyrex-Shadow, L50|100/100\n|switch|p2b: Rillaboom|Rillaboom, L50, F, shiny|100/100\n|-ability|p1a: Calyrex|As One\n|-ability|p1a: Calyrex|Unnerve\n|-fieldstart|move: Grassy Terrain|[from] ability: Grassy Surge|[of] p2b: Rillaboom\n|turn|3\n|\n|t:|1775615473\n|switch|p1a: Indeedee|Indeedee-F, L50, F|100/100\n|-fieldstart|move: Psychic Terrain|[from] ability: Psychic Surge|[of] p1a: Indeedee\n|move|p1b: Zamazenta|Body Press|p2a: Terapagos\n|-supereffective|p2a: Terapagos\n|-damage|p2a: Terapagos|0 fnt\n|faint|p2a: Terapagos\n|move|p2b: Rillaboom|Wood Hammer|p1a: Indeedee\n|-damage|p1a: Indeedee|28/100\n|-damage|p2b: Rillaboom|84/100|[from] item: Rocky Helmet|[of] p1a: Indeedee\n|-damage|p2b: Rillaboom|62/100|[from] Recoil\n|\n|upkeep\n|\n|t:|1775615480\n|switch|p2a: Calyrex|Calyrex-Shadow, L50|100/100\n|-ability|p2a: Calyrex|As One\n|-ability|p2a: Calyrex|Unnerve\n|turn|4\n|-message|eru_kh forfeited.\n|\n|win|Luca8\n|raw|Luca8's rating: 1399 &rarr; <strong>1420</strong><br />(+21 for winning)\n|raw|eru_kh's rating: 1411 &rarr; <strong>1390</strong><br />(-21 for losing)\n|l|\u2606eru_kh\n|player|p2|\n","uploadtime":1775615743,"views":9,"formatid":"gen9vgc2026regi","rating":1390,"private":0,"password":null}