{"id":"gen9vgc2026regi-2567690344","format":"[Gen 9] VGC 2026 Reg I","players":["myminiman","jumento480"],"log":"|j|\u2606myminiman\n|j|\u2606jumento480\n|t:|1774504509\n|gametype|doubles\n|player|p1|myminiman|bea|1376\n|player|p2|jumento480|eusine|1248\n|gen|9\n|tier|[Gen 9] VGC 2026 Reg I\n|rated|\n|rule|Species Clause: Limit one of each Pok\u00e9mon\n|rule|Item Clause: Limit 1 of each item\n|clearpoke\n|poke|p1|Calyrex-Ice, L50|\n|poke|p1|Kyogre, L50|\n|poke|p1|Raging Bolt, L50|\n|poke|p1|Urshifu-*, L50, F|\n|poke|p1|Incineroar, L50, F|\n|poke|p1|Rillaboom, L50, M|\n|poke|p2|Incineroar, L50, M|\n|poke|p2|Meowscarada, L50, F|\n|poke|p2|Sceptile, L50, M|\n|poke|p2|Miraidon, L50|\n|poke|p2|Calyrex-Shadow, L50|\n|poke|p2|Iron Valiant, L50|\n|teampreview|4\n|\n|t:|1774504552\n|teamsize|p1|4\n|teamsize|p2|4\n|start\n|switch|p1a: Kyogre|Kyogre, L50|100/100\n|switch|p1b: Rillaboom|Rillaboom, L50, M|100/100\n|switch|p2a: Miraidon|Miraidon, L50|100/100\n|switch|p2b: Sceptile|Sceptile, L50, M|100/100\n|-fieldstart|move: Electric Terrain|[from] ability: Hadron Engine|[of] p2a: Miraidon\n|-enditem|p2b: Sceptile|Electric Seed\n|-boost|p2b: Sceptile|def|1|[from] item: Electric Seed\n|-fieldstart|move: Grassy Terrain|[from] ability: Grassy Surge|[of] p1b: Rillaboom\n|-weather|RainDance|[from] ability: Drizzle|[of] p1a: Kyogre\n|turn|1\n|\n|t:|1774504583\n|move|p2b: Sceptile|Grass Knot|p1a: Kyogre\n|-supereffective|p1a: Kyogre\n|-damage|p1a: Kyogre|0 fnt\n|faint|p1a: Kyogre\n|move|p2a: Miraidon|Electro Drift|p1b: Rillaboom\n|-resisted|p1b: Rillaboom\n|-damage|p1b: Rillaboom|81/100\n|move|p1b: Rillaboom|Wood Hammer|p2a: Miraidon\n|-resisted|p2a: Miraidon\n|-damage|p2a: Miraidon|61/100\n|-damage|p1b: Rillaboom|70/100|[from] Recoil\n|\n|-weather|RainDance|[upkeep]\n|-heal|p2a: Miraidon|67/100|[from] Grassy Terrain\n|-heal|p1b: Rillaboom|75/100|[from] Grassy Terrain\n|upkeep\n|\n|t:|1774504588\n|switch|p1a: Calyrex|Calyrex-Ice, L50|100/100\n|-ability|p1a: Calyrex|As One\n|-ability|p1a: Calyrex|Unnerve\n|turn|2\n|\n|t:|1774504607\n|-terastallize|p2a: Miraidon|Electric\n|-terastallize|p1a: Calyrex|Grass\n|move|p2b: Sceptile|Shed Tail|p2b: Sceptile\n|-start|p2b: Sceptile|Substitute|[from] move: Shed Tail\n|-damage|p2b: Sceptile|50/100\n|\n|t:|1774504616\n|switch|p2b: Calyrex|Calyrex-Shadow, L50|100/100|[from] Shed Tail\n|-ability|p2b: Calyrex|As One\n|-ability|p2b: Calyrex|Unnerve\n|move|p2a: Miraidon|Electro Drift|p1a: Calyrex\n|-resisted|p1a: Calyrex\n|-damage|p1a: Calyrex|72/100\n|move|p1b: Rillaboom|U-turn|p2b: Calyrex\n|-end|p2b: Calyrex|Substitute\n|\n|t:|1774504626\n|switch|p1b: Incineroar|Incineroar, L50, F|100/100|[from] U-turn\n|-ability|p1b: Incineroar|Intimidate|boost\n|-unboost|p2a: Miraidon|atk|1\n|-unboost|p2b: Calyrex|atk|1\n|move|p1a: Calyrex|Glacial Lance|p2b: Calyrex|[spread] p2a,p2b\n|-damage|p2a: Miraidon|3/100\n|-damage|p2b: Calyrex|30/100\n|\n|-weather|RainDance|[upkeep]\n|-heal|p2a: Miraidon|9/100|[from] Grassy Terrain\n|-heal|p2b: Calyrex|36/100|[from] Grassy Terrain\n|-heal|p1a: Calyrex|78/100|[from] Grassy Terrain\n|upkeep\n|turn|3\n|\n|t:|1774504669\n|switch|p2a: Sceptile|Sceptile, L50, M|50/100\n|switch|p1b: Rillaboom|Rillaboom, L50, M|75/100\n|move|p2b: Calyrex|Protect|p2b: Calyrex\n|-singleturn|p2b: Calyrex|Protect\n|move|p1a: Calyrex|Glacial Lance|p2b: Calyrex|[spread] p2a\n|-activate|p2b: Calyrex|move: Protect\n|-supereffective|p2a: Sceptile\n|-damage|p2a: Sceptile|0 fnt\n|faint|p2a: Sceptile\n|-ability|p1a: Calyrex|Chilling Neigh|boost\n|-boost|p1a: Calyrex|atk|1\n|\n|-weather|RainDance|[upkeep]\n|-heal|p2b: Calyrex|42/100|[from] Grassy Terrain\n|-heal|p1b: Rillaboom|81/100|[from] Grassy Terrain\n|-heal|p1a: Calyrex|84/100|[from] Grassy Terrain\n|upkeep\n|\n|t:|1774504687\n|switch|p2a: Meowscarada|Meowscarada, L50, F, shiny|100/100\n|turn|4\n|\n|t:|1774504707\n|move|p2a: Meowscarada|Helping Hand|p2b: Calyrex\n|-start|p2a: Meowscarada|typechange|Normal|[from] ability: Protean\n|-singleturn|p2b: Calyrex|Helping Hand|[of] p2a: Meowscarada\n|move|p1b: Rillaboom|Fake Out|p2a: Meowscarada\n|-damage|p2a: Meowscarada|76/100\n|move|p2b: Calyrex|Astral Barrage|p1a: Calyrex|[spread] p1a,p1b\n|-damage|p1a: Calyrex|26/100\n|-damage|p1b: Rillaboom|20/100\n|move|p1a: Calyrex|Glacial Lance|p2a: Meowscarada|[spread] p2a,p2b\n|-damage|p2a: Meowscarada|0 fnt\n|-damage|p2b: Calyrex|0 fnt\n|faint|p2a: Meowscarada\n|faint|p2b: Calyrex\n|-ability|p1a: Calyrex|Chilling Neigh|boost\n|-boost|p1a: Calyrex|atk|2\n|\n|-weather|RainDance|[upkeep]\n|-heal|p1b: Rillaboom|26/100|[from] Grassy Terrain\n|-heal|p1a: Calyrex|32/100|[from] Grassy Terrain\n|upkeep\n|-message|jumento480 forfeited.\n|\n|win|myminiman\n|raw|myminiman's rating: 1376 &rarr; <strong>1389</strong><br />(+13 for winning)\n|raw|jumento480's rating: 1248 &rarr; <strong>1232</strong><br />(-16 for losing)\n|l|\u2606jumento480\n|player|p2|\n|l|\u2606myminiman\n|player|p1|\n","uploadtime":1774504897,"views":13,"formatid":"gen9vgc2026regi","rating":1232,"private":0,"password":null}