{"id":"gen9vgc2026regi-2590956690","format":"[Gen 9] VGC 2026 Reg I","players":["grandmakicker99","palamed"],"log":"|j|\u2606grandmakicker99\n|j|\u2606palamed\n|t:|1776864472\n|gametype|doubles\n|player|p1|grandmakicker99|1|1347\n|player|p2|palamed|102|1409\n|gen|9\n|tier|[Gen 9] VGC 2026 Reg I\n|rated|\n|rule|Species Clause: Limit one of each Pok\u00e9mon\n|rule|Item Clause: Limit 1 of each item\n|clearpoke\n|poke|p1|Calyrex-Ice, L50|\n|poke|p1|Scraggy, L50, F|\n|poke|p1|Miraidon, L50|\n|poke|p1|Farigiraf, L50, M|\n|poke|p1|Iron Treads, L50|\n|poke|p1|Iron Hands, L50|\n|poke|p2|Calyrex-Ice, L50|\n|poke|p2|Incineroar, L50, F|\n|poke|p2|Miraidon, L50|\n|poke|p2|Urshifu-*, L50, F|\n|poke|p2|Farigiraf, L50, F|\n|poke|p2|Grimmsnarl, L50, M|\n|teampreview|4\n|inactive|Battle timer is ON: inactive players will automatically lose when time's up. (requested by grandmakicker99)\n|inactive|palamed has 60 seconds left.\n|inactive|palamed has 30 seconds left.\n|\n|t:|1776864540\n|teamsize|p1|4\n|teamsize|p2|4\n|start\n|switch|p1a: Miraidon|Miraidon, L50|100/100\n|switch|p1b: Iron Treads|Iron Treads, L50|100/100\n|switch|p2a: Calyrex|Calyrex-Ice, L50|100/100\n|switch|p2b: Miraidon|Miraidon, L50|100/100\n|-ability|p2a: Calyrex|As One\n|-ability|p2a: Calyrex|Unnerve\n|-fieldstart|move: Electric Terrain|[from] ability: Hadron Engine|[of] p2b: Miraidon\n|-activate|p1b: Iron Treads|ability: Quark Drive\n|-start|p1b: Iron Treads|quarkdrivespe\n|-activate|p1a: Miraidon|ability: Hadron Engine\n|turn|1\n|inactive|grandmakicker99 has 30 seconds left.\n|inactive|grandmakicker99 has 20 seconds left.\n|\n|t:|1776864580\n|-terastallize|p2b: Miraidon|Fairy\n|-terastallize|p1a: Miraidon|Fairy\n|move|p1b: Iron Treads|Iron Head|p2a: Calyrex\n|-supereffective|p2a: Calyrex\n|-damage|p2a: Calyrex|40/100\n|-damage|p1b: Iron Treads|91/100|[from] item: Life Orb\n|move|p2b: Miraidon|Dazzling Gleam|p1a: Miraidon|[spread] p1a,p1b\n|-resisted|p1b: Iron Treads\n|-damage|p1a: Miraidon|52/100\n|-damage|p1b: Iron Treads|43/100\n|move|p1a: Miraidon|Dazzling Gleam|p2b: Miraidon|[spread] p2a,p2b\n|-damage|p2a: Calyrex|0 fnt\n|-damage|p2b: Miraidon|37/100\n|faint|p2a: Calyrex\n|\n|upkeep\n|\n|t:|1776864601\n|switch|p2a: Incineroar|Incineroar, L50, F|100/100\n|-ability|p2a: Incineroar|Intimidate|boost\n|-unboost|p1a: Miraidon|atk|1\n|-unboost|p1b: Iron Treads|atk|1\n|turn|2\n|\n|t:|1776864611\n|move|p2a: Incineroar|Fake Out|p1b: Iron Treads\n|-resisted|p1b: Iron Treads\n|-damage|p1b: Iron Treads|37/100\n|cant|p1b: Iron Treads|flinch\n|move|p2b: Miraidon|Dazzling Gleam|p1a: Miraidon|[spread] p1a,p1b\n|-resisted|p1b: Iron Treads\n|-damage|p1a: Miraidon|1/100\n|-damage|p1b: Iron Treads|0 fnt\n|faint|p1b: Iron Treads\n|-end|p1b: Iron Treads|Quark Drive|[silent]\n|move|p1a: Miraidon|Dazzling Gleam|p2b: Miraidon|[spread] p2a,p2b\n|-damage|p2a: Incineroar|41/100\n|-damage|p2b: Miraidon|0 fnt\n|-enditem|p2a: Incineroar|Sitrus Berry|[eat]\n|-heal|p2a: Incineroar|66/100|[from] item: Sitrus Berry\n|faint|p2b: Miraidon\n|\n|upkeep\n|\n|t:|1776864631\n|switch|p2b: Farigiraf|Farigiraf, L50, F|100/100\n|switch|p1b: Farigiraf|Farigiraf, L50, M|100/100\n|-enditem|p1b: Farigiraf|Electric Seed\n|-boost|p1b: Farigiraf|def|1|[from] item: Electric Seed\n|-enditem|p2b: Farigiraf|Electric Seed\n|-boost|p2b: Farigiraf|def|1|[from] item: Electric Seed\n|turn|3\n|\n|t:|1776864647\n|move|p1a: Miraidon|Dazzling Gleam|p2a: Incineroar|[spread] p2a,p2b\n|-damage|p2a: Incineroar|0 fnt\n|-damage|p2b: Farigiraf|32/100\n|faint|p2a: Incineroar\n|move|p2b: Farigiraf|Psychic|p1a: Miraidon\n|-damage|p1a: Miraidon|0 fnt\n|faint|p1a: Miraidon\n|move|p1b: Farigiraf|Trick Room|p1b: Farigiraf\n|-fieldstart|move: Trick Room|[of] p1b: Farigiraf\n|\n|upkeep\n|\n|t:|1776864655\n|switch|p1a: Calyrex|Calyrex-Ice, L50|100/100\n|-ability|p1a: Calyrex|As One\n|-ability|p1a: Calyrex|Unnerve\n|turn|4\n|-message|palamed forfeited.\n|\n|win|grandmakicker99\n|raw|grandmakicker99's rating: 1347 &rarr; <strong>1371</strong><br />(+24 for winning)\n|raw|palamed's rating: 1409 &rarr; <strong>1385</strong><br />(-24 for losing)\n|l|\u2606palamed\n|player|p2|\n|c|\u2606grandmakicker99|gg\n|l|\u2606grandmakicker99\n|player|p1|\n","uploadtime":1776864841,"views":8,"formatid":"gen9vgc2026regi","rating":1371,"private":0,"password":null}