{"id":"gen9vgc2026regi-2564627161","format":"[Gen 9] VGC 2026 Reg I","players":["Novikuh","BreakTheShadowWall"],"log":"|j|\u2606Novikuh\n|j|\u2606BreakTheShadowWall\n|t:|1774177215\n|gametype|doubles\n|player|p1|Novikuh|102|1366\n|player|p2|BreakTheShadowWall|1|1416\n|gen|9\n|tier|[Gen 9] VGC 2026 Reg I\n|rated|\n|rule|Species Clause: Limit one of each Pok\u00e9mon\n|rule|Item Clause: Limit 1 of each item\n|clearpoke\n|poke|p1|Calyrex-Ice, L50|\n|poke|p1|Kyogre, L50|\n|poke|p1|Tornadus, L50, M|\n|poke|p1|Indeedee-F, L50, F|\n|poke|p1|Volcarona, L50, F|\n|poke|p1|Landorus, L50, M|\n|poke|p2|Miraidon, L50|\n|poke|p2|Iron Bundle, L50|\n|poke|p2|Lunala, L50|\n|poke|p2|Incineroar, L50, M|\n|poke|p2|Urshifu-*, L50, F|\n|poke|p2|Ursaluna, L50, F|\n|teampreview|4\n|inactive|Battle timer is ON: inactive players will automatically lose when time's up. (requested by BreakTheShadowWall)\n|\n|t:|1774177248\n|teamsize|p1|4\n|teamsize|p2|4\n|start\n|switch|p1a: Tornadus|Tornadus, L50, M|100/100\n|switch|p1b: Landorus|Landorus, L50, M|100/100\n|switch|p2a: Iron Bundle|Iron Bundle, L50|100/100\n|switch|p2b: Miraidon|Miraidon, L50|100/100\n|-fieldstart|move: Electric Terrain|[from] ability: Hadron Engine|[of] p2b: Miraidon\n|-activate|p2a: Iron Bundle|ability: Quark Drive\n|-start|p2a: Iron Bundle|quarkdrivespe\n|turn|1\n|inactive|Novikuh has 30 seconds left.\n|inactive|BreakTheShadowWall has 30 seconds left.\n|\n|t:|1774177281\n|switch|p1a: Indeedee|Indeedee-F, L50, F|100/100\n|-fieldstart|move: Psychic Terrain|[from] ability: Psychic Surge|[of] p1a: Indeedee\n|-end|p2a: Iron Bundle|Quark Drive\n|-enditem|p1a: Indeedee|Psychic Seed\n|-boost|p1a: Indeedee|spd|1|[from] item: Psychic Seed\n|-terastallize|p2b: Miraidon|Fairy\n|move|p1b: Landorus|Protect|p1b: Landorus\n|-singleturn|p1b: Landorus|Protect\n|move|p2a: Iron Bundle|Icy Wind|p1b: Landorus|[spread] p1a\n|-activate|p1b: Landorus|move: Protect\n|-damage|p1a: Indeedee|85/100\n|-unboost|p1a: Indeedee|spe|1\n|move|p2b: Miraidon|Volt Switch|p1a: Indeedee\n|-damage|p1a: Indeedee|52/100\n|inactive|BreakTheShadowWall has 30 seconds left.\n|\n|t:|1774177308\n|switch|p2b: Urshifu|Urshifu-Rapid-Strike, L50, F|100/100|[from] Volt Switch\n|\n|upkeep\n|turn|2\n|inactive|Novikuh has 30 seconds left.\n|inactive|BreakTheShadowWall has 30 seconds left.\n|\n|t:|1774177336\n|-terastallize|p1a: Indeedee|Grass\n|move|p2a: Iron Bundle|Icy Wind|p1b: Landorus|[spread] p1a\n|-miss|p2a: Iron Bundle|p1b: Landorus\n|-supereffective|p1a: Indeedee\n|-crit|p1a: Indeedee\n|-damage|p1a: Indeedee|0 fnt\n|faint|p1a: Indeedee\n|move|p2b: Urshifu|U-turn|p1b: Landorus\n|-resisted|p1b: Landorus\n|-damage|p1b: Landorus|79/100\n|\n|t:|1774177351\n|switch|p2b: Lunala|Lunala, L50, shiny|100/100|[from] U-turn\n|move|p1b: Landorus|Earth Power|p2a: Iron Bundle\n|-enditem|p2a: Iron Bundle|Focus Sash\n|-damage|p2a: Iron Bundle|1/100\n|\n|upkeep\n|\n|t:|1774177357\n|switch|p1a: Calyrex|Calyrex-Ice, L50|100/100\n|-ability|p1a: Calyrex|As One\n|-ability|p1a: Calyrex|Unnerve\n|turn|3\n|inactive|Novikuh has 30 seconds left.\n|inactive|Novikuh has 20 seconds left.\n|\n|t:|1774177394\n|move|p1b: Landorus|Protect|p1b: Landorus\n|-singleturn|p1b: Landorus|Protect\n|move|p2a: Iron Bundle|Taunt|p1a: Calyrex\n|-start|p1a: Calyrex|move: Taunt\n|move|p2b: Lunala|Moongeist Beam|p1a: Calyrex\n|-supereffective|p1a: Calyrex\n|-damage|p1a: Calyrex|31/100\n|cant|p1a: Calyrex|move: Taunt|Trick Room\n|\n|upkeep\n|turn|4\n|-message|Novikuh forfeited.\n|\n|win|BreakTheShadowWall\n|raw|Novikuh's rating: 1366 &rarr; <strong>1349</strong><br />(-17 for losing)\n|raw|BreakTheShadowWall's rating: 1416 &rarr; <strong>1433</strong><br />(+17 for winning)\n|l|\u2606Novikuh\n|player|p1|\n|l|\u2606BreakTheShadowWall\n|player|p2|\n","uploadtime":1774177573,"views":11,"formatid":"gen9vgc2026regi","rating":1349,"private":0,"password":null}