{"id":"gen9vgc2026regi-2546980763","format":"[Gen 9] VGC 2026 Reg I","players":["jepeg","stringbeanis22"],"log":"|j|\u2606jepeg\n|j|\u2606stringbeanis22\n|t:|1772035689\n|gametype|doubles\n|player|p1|jepeg|beauty-gen4dp|1115\n|player|p2|stringbeanis22|1|1107\n|gen|9\n|tier|[Gen 9] VGC 2026 Reg I\n|rated|\n|rule|Species Clause: Limit one of each Pok\u00e9mon\n|rule|Item Clause: Limit 1 of each item\n|clearpoke\n|poke|p1|Calyrex-Shadow, L50|\n|poke|p1|Oranguru, L50, F|\n|poke|p1|Miraidon, L50|\n|poke|p1|Ogerpon-Hearthflame, L50, F|\n|poke|p1|Bruxish, L50, F|\n|poke|p1|Torkoal, L50, F|\n|poke|p2|Miraidon, L50|\n|poke|p2|Grimmsnarl, L50, M|\n|poke|p2|Kyogre, L50|\n|poke|p2|Ogerpon-Cornerstone, L50, F|\n|poke|p2|Chien-Pao, L50|\n|poke|p2|Iron Hands, L50|\n|teampreview|4\n|inactive|Battle timer is ON: inactive players will automatically lose when time's up. (requested by stringbeanis22)\n|inactive|jepeg has 60 seconds left.\n|inactive|stringbeanis22 has 60 seconds left.\n|inactive|stringbeanis22 has 30 seconds left.\n|inactive|stringbeanis22 has 20 seconds left.\n|inactive|stringbeanis22 has 15 seconds left.\n|inactive|stringbeanis22 has 10 seconds left.\n|inactive|stringbeanis22 has 5 seconds left.\n|\n|t:|1772035779\n|teamsize|p1|4\n|teamsize|p2|4\n|start\n|switch|p1a: Calyrex|Calyrex-Shadow, L50|100/100\n|switch|p1b: Oranguru|Oranguru, L50, F, shiny|100/100\n|switch|p2a: Miraidon|Miraidon, L50|100/100\n|switch|p2b: Grimmsnarl|Grimmsnarl, L50, M|100/100\n|-ability|p1a: Calyrex|As One\n|-ability|p1a: Calyrex|Unnerve\n|-fieldstart|move: Electric Terrain|[from] ability: Hadron Engine|[of] p2a: Miraidon\n|turn|1\n|inactive|jepeg has 30 seconds left.\n|inactive|stringbeanis22 has 30 seconds left.\n|inactive|stringbeanis22 has 20 seconds left.\n|inactive|stringbeanis22 has 15 seconds left.\n|inactive|stringbeanis22 has 10 seconds left.\n|inactive|stringbeanis22 has 5 seconds left.\n|\n|t:|1772035835\n|-terastallize|p1b: Oranguru|Grass\n|move|p2b: Grimmsnarl|Reflect|p2b: Grimmsnarl\n|-sidestart|p2: stringbeanis22|Reflect\n|move|p1a: Calyrex|Astral Barrage|p2a: Miraidon|[spread] p2a,p2b\n|-resisted|p2b: Grimmsnarl\n|-damage|p2a: Miraidon|54/100\n|-damage|p2b: Grimmsnarl|75/100\n|move|p2a: Miraidon|Electro Drift|p1a: Calyrex\n|-damage|p1a: Calyrex|0 fnt\n|faint|p1a: Calyrex\n|move|p1b: Oranguru|Trick Room|p1b: Oranguru\n|-fieldstart|move: Trick Room|[of] p1b: Oranguru\n|\n|upkeep\n|\n|t:|1772035848\n|switch|p1a: Torkoal|Torkoal, L50, F|100/100\n|-weather|SunnyDay|[from] ability: Drought|[of] p1a: Torkoal\n|turn|2\n|inactive|stringbeanis22 has 30 seconds left.\n|inactive|stringbeanis22 has 20 seconds left.\n|inactive|stringbeanis22 has 15 seconds left.\n|inactive|stringbeanis22 has 10 seconds left.\n|inactive|stringbeanis22 has 5 seconds left.\n|\n|t:|1772035904\n|move|p2b: Grimmsnarl|Reflect||[still]\n|-fail|p2b: Grimmsnarl\n|move|p1a: Torkoal|Earth Power|p2a: Miraidon\n|-supereffective|p2a: Miraidon\n|-damage|p2a: Miraidon|0 fnt\n|faint|p2a: Miraidon\n|move|p1b: Oranguru|Instruct|p1a: Torkoal\n|-singleturn|p1a: Torkoal|move: Instruct|[of] p1b: Oranguru\n|move|p1a: Torkoal|Earth Power|p2b: Grimmsnarl\n|-damage|p2b: Grimmsnarl|43/100\n|\n|-weather|SunnyDay|[upkeep]\n|upkeep\n|inactive|stringbeanis22 has 30 seconds left.\n|inactive|stringbeanis22 has 20 seconds left.\n|inactive|stringbeanis22 has 15 seconds left.\n|inactive|stringbeanis22 has 10 seconds left.\n|inactive|stringbeanis22 has 5 seconds left.\n|\n|t:|1772035959\n|switch|p2a: Kyogre|Kyogre, L50|100/100\n|-weather|RainDance|[from] ability: Drizzle|[of] p2a: Kyogre\n|turn|3\n|inactive|stringbeanis22 has 30 seconds left.\n|inactive|stringbeanis22 has 20 seconds left.\n|inactive|stringbeanis22 has 15 seconds left.\n|inactive|stringbeanis22 has 10 seconds left.\n|inactive|stringbeanis22 has 5 seconds left.\n|\n|t:|1772036015\n|move|p2b: Grimmsnarl|Reflect||[still]\n|-fail|p2b: Grimmsnarl\n|move|p1a: Torkoal|Earth Power|p2a: Kyogre\n|-damage|p2a: Kyogre|74/100\n|move|p1b: Oranguru|Instruct|p1a: Torkoal\n|-singleturn|p1a: Torkoal|move: Instruct|[of] p1b: Oranguru\n|move|p1a: Torkoal|Earth Power|p2a: Kyogre\n|-damage|p2a: Kyogre|46/100\n|-unboost|p2a: Kyogre|spd|1\n|move|p2a: Kyogre|Water Spout|p1b: Oranguru|[spread] p1a,p1b\n|-supereffective|p1a: Torkoal\n|-resisted|p1b: Oranguru\n|-damage|p1a: Torkoal|0 fnt\n|-damage|p1b: Oranguru|79/100\n|faint|p1a: Torkoal\n|\n|-weather|RainDance|[upkeep]\n|upkeep\n|\n|t:|1772036035\n|switch|p1a: Bruxish|Bruxish, L50, F, shiny|100/100\n|turn|4\n|inactive|jepeg has 30 seconds left.\n|inactive|stringbeanis22 has 30 seconds left.\n|inactive|stringbeanis22 has 20 seconds left.\n|inactive|stringbeanis22 has 15 seconds left.\n|inactive|stringbeanis22 has 10 seconds left.\n|inactive|stringbeanis22 has 5 seconds left.\n|\n|t:|1772036090\n|move|p2b: Grimmsnarl|Reflect||[still]\n|-fail|p2b: Grimmsnarl\n|move|p1b: Oranguru|Foul Play|p2a: Kyogre\n|-damage|p2a: Kyogre|34/100\n|move|p2a: Kyogre|Water Spout|p1b: Oranguru|[spread] p1a,p1b\n|-resisted|p1a: Bruxish\n|-resisted|p1b: Oranguru\n|-damage|p1a: Bruxish|71/100\n|-damage|p1b: Oranguru|61/100\n|move|p1a: Bruxish|Surf|p2a: Kyogre|[spread] p1b,p2a,p2b\n|-resisted|p1b: Oranguru\n|-resisted|p2a: Kyogre\n|-damage|p1b: Oranguru|51/100\n|-damage|p2a: Kyogre|22/100\n|-damage|p2b: Grimmsnarl|26/100\n|\n|-weather|RainDance|[upkeep]\n|upkeep\n|turn|5\n|inactive|stringbeanis22 has 30 seconds left.\n|-message|stringbeanis22 forfeited.\n|\n|win|jepeg\n|raw|jepeg's rating: 1115 &rarr; <strong>1139</strong><br />(+24 for winning)\n|raw|stringbeanis22's rating: 1107 &rarr; <strong>1083</strong><br />(-24 for losing)\n|l|\u2606stringbeanis22\n|player|p2|\n|l|\u2606jepeg\n|player|p1|\n","uploadtime":1772036256,"views":13,"formatid":"gen9vgc2026regi","rating":1083,"private":0,"password":null}