{"id":"gen9vgc2026regi-2522776463","format":"[Gen 9] VGC 2026 Reg I","players":["marcxhenry","meh is good"],"log":"|j|\u2606marcxhenry\n|j|\u2606meh is good\n|t:|1768943085\n|gametype|doubles\n|player|p1|marcxhenry|hilbert-wonderlauncher|1375\n|player|p2|meh is good|flannery|1378\n|gen|9\n|tier|[Gen 9] VGC 2026 Reg I\n|rated|\n|rule|Species Clause: Limit one of each Pok\u00e9mon\n|rule|Item Clause: Limit 1 of each item\n|clearpoke\n|poke|p1|Calyrex-Shadow, L50|\n|poke|p1|Urshifu-*, L50, M|\n|poke|p1|Roaring Moon, L50|\n|poke|p1|Kyogre, L50|\n|poke|p1|Tsareena, L50, F|\n|poke|p1|Kingambit, L50, M|\n|poke|p2|Zacian-*, L50|\n|poke|p2|Miraidon, L50|\n|poke|p2|Farigiraf, L50, M|\n|poke|p2|Iron Hands, L50|\n|poke|p2|Chien-Pao, L50|\n|poke|p2|Urshifu-*, L50, M|\n|teampreview|4\n|inactive|Battle timer is ON: inactive players will automatically lose when time's up. (requested by meh is good)\n|inactive|marcxhenry has 60 seconds left.\n|\n|t:|1768943124\n|teamsize|p1|4\n|teamsize|p2|4\n|start\n|switch|p1a: Ludwig|Calyrex-Shadow, L50|100/100\n|switch|p1b: Roter Baron|Roaring Moon, L50, shiny|100/100\n|switch|p2a: Urshifu|Urshifu-Rapid-Strike, L50, M|100/100\n|switch|p2b: Miraidon|Miraidon, L50|100/100\n|-ability|p1a: Ludwig|As One\n|-ability|p1a: Ludwig|Unnerve\n|-fieldstart|move: Electric Terrain|[from] ability: Hadron Engine|[of] p2b: Miraidon\n|-enditem|p1b: Roter Baron|Booster Energy\n|-activate|p1b: Roter Baron|ability: Protosynthesis|[fromitem]\n|-start|p1b: Roter Baron|protosynthesisspe\n|turn|1\n|\n|t:|1768943141\n|-terastallize|p1b: Roter Baron|Flying\n|-terastallize|p2a: Urshifu|Water\n|move|p1b: Roter Baron|Knock Off|p2a: Urshifu\n|-damage|p2a: Urshifu|45/100\n|-enditem|p2a: Urshifu|Choice Scarf|[from] move: Knock Off|[of] p1b: Roter Baron\n|move|p1a: Ludwig|Astral Barrage|p2b: Miraidon|[spread] p2a,p2b\n|-damage|p2a: Urshifu|0 fnt\n|-damage|p2b: Miraidon|51/100\n|faint|p2a: Urshifu\n|-ability|p1a: Ludwig|Grim Neigh|boost\n|-boost|p1a: Ludwig|spa|1\n|move|p2b: Miraidon|Dazzling Gleam|p1b: Roter Baron|[spread] p1a,p1b\n|-damage|p1a: Ludwig|49/100\n|-damage|p1b: Roter Baron|59/100\n|\n|upkeep\n|\n|t:|1768943153\n|switch|p2a: Chien-Pao|Chien-Pao, L50, shiny|100/100\n|-ability|p2a: Chien-Pao|Sword of Ruin\n|turn|2\n|\n|t:|1768943162\n|-end|p1b: Roter Baron|Protosynthesis|[silent]\n|switch|p1b: Eva|Tsareena, L50, F, shiny|100/100\n|move|p2a: Chien-Pao|Sucker Punch||[still]\n|cant|p1b: Eva|ability: Queenly Majesty|Sucker Punch|[of] p2a: Chien-Pao\n|move|p1a: Ludwig|Astral Barrage|p2a: Chien-Pao|[spread] p2a,p2b\n|-resisted|p2a: Chien-Pao\n|-crit|p2b: Miraidon\n|-damage|p2a: Chien-Pao|35/100\n|-damage|p2b: Miraidon|0 fnt\n|faint|p2b: Miraidon\n|-ability|p1a: Ludwig|Grim Neigh|boost\n|-boost|p1a: Ludwig|spa|1\n|\n|upkeep\n|-message|meh is good forfeited.\n|\n|win|marcxhenry\n|raw|marcxhenry's rating: 1375 &rarr; <strong>1395</strong><br />(+20 for winning)\n|raw|meh is good's rating: 1378 &rarr; <strong>1358</strong><br />(-20 for losing)\n|l|\u2606meh is good\n|player|p2|\n|l|\u2606marcxhenry\n|player|p1|\n","uploadtime":1768943358,"views":15,"formatid":"gen9vgc2026regi","rating":1358,"private":0,"password":null}