{"id":"gen9vgc2026regi-2573422265","format":"[Gen 9] VGC 2026 Reg I","players":["Van Halen Jumpluff","dasabe\u76d6\u6b27\u5361\u4fa0"],"log":"|j|\u2606Van Halen Jumpluff\n|j|\u2606dasabe\u76d6\u6b27\u5361\u4fa0\n|t:|1775135122\n|gametype|doubles\n|player|p1|Van Halen Jumpluff|drayden|1507\n|player|p2|dasabe\u76d6\u6b27\u5361\u4fa0|may-masters4|1498\n|gen|9\n|tier|[Gen 9] VGC 2026 Reg I\n|rated|\n|rule|Species Clause: Limit one of each Pok\u00e9mon\n|rule|Item Clause: Limit 1 of each item\n|clearpoke\n|poke|p1|Miraidon, L50|\n|poke|p1|Calyrex-Ice, L50|\n|poke|p1|Gholdengo, L50|\n|poke|p1|Incineroar, L50, F|\n|poke|p1|Ogerpon-Cornerstone, L50, F|\n|poke|p1|Urshifu-*, L50, F|\n|poke|p2|Kyogre, L50|\n|poke|p2|Miraidon, L50|\n|poke|p2|Whimsicott, L50, F|\n|poke|p2|Iron Hands, L50|\n|poke|p2|Farigiraf, L50, F|\n|poke|p2|Urshifu-*, L50, M|\n|teampreview|4\n|j| eggyhvevo\n|\n|t:|1775135156\n|teamsize|p1|4\n|teamsize|p2|4\n|start\n|switch|p1a: Ogerpon|Ogerpon-Cornerstone, L50, F|100/100\n|switch|p1b: Calyrex|Calyrex-Ice, L50|100/100\n|switch|p2a: \u5996\u820d\u7cbe\u62c9|Whimsicott, L50, F, shiny|100/100\n|switch|p2b: \u94f6\u91d1\u5996\u86c7|Miraidon, L50, shiny|100/100\n|-ability|p1b: Calyrex|As One\n|-ability|p1b: Calyrex|Unnerve\n|-fieldstart|move: Electric Terrain|[from] ability: Hadron Engine|[of] p2b: \u94f6\u91d1\u5996\u86c7\n|turn|1\n|c| eggyhvevo|\ud83d\udc40\ud83d\udc40\n|\n|t:|1775135180\n|-terastallize|p2b: \u94f6\u91d1\u5996\u86c7|Fairy\n|move|p1a: Ogerpon|Follow Me|p1a: Ogerpon\n|-singleturn|p1a: Ogerpon|move: Follow Me\n|move|p2a: \u5996\u820d\u7cbe\u62c9|Moonblast|p1a: Ogerpon\n|-crit|p1a: Ogerpon\n|-damage|p1a: Ogerpon|40/100\n|-unboost|p1a: Ogerpon|spa|1\n|move|p2b: \u94f6\u91d1\u5996\u86c7|Dazzling Gleam|p1a: Ogerpon|[spread] p1a,p1b\n|-crit|p1b: Calyrex\n|-damage|p1a: Ogerpon|0 fnt\n|-damage|p1b: Calyrex|46/100\n|faint|p1a: Ogerpon\n|-damage|p2b: \u94f6\u91d1\u5996\u86c7|91/100|[from] item: Life Orb\n|move|p1b: Calyrex|Glacial Lance|p2a: \u5996\u820d\u7cbe\u62c9|[spread] p2a,p2b\n|-supereffective|p2a: \u5996\u820d\u7cbe\u62c9\n|-enditem|p2a: \u5996\u820d\u7cbe\u62c9|Focus Sash\n|-damage|p2a: \u5996\u820d\u7cbe\u62c9|1/100\n|-damage|p2b: \u94f6\u91d1\u5996\u86c7|34/100\n|\n|upkeep\n|\n|t:|1775135192\n|switch|p1a: Gholdengo|Gholdengo, L50|100/100\n|-enditem|p1a: Gholdengo|Electric Seed\n|-boost|p1a: Gholdengo|def|1|[from] item: Electric Seed\n|turn|2\n|\n|t:|1775135205\n|move|p1b: Calyrex|Protect|p1b: Calyrex\n|-singleturn|p1b: Calyrex|Protect\n|move|p2a: \u5996\u820d\u7cbe\u62c9|Tailwind|p2a: \u5996\u820d\u7cbe\u62c9\n|-sidestart|p2: dasabe\u76d6\u6b27\u5361\u4fa0|move: Tailwind\n|move|p2b: \u94f6\u91d1\u5996\u86c7|Electro Drift|p1a: Gholdengo\n|-damage|p1a: Gholdengo|0 fnt\n|faint|p1a: Gholdengo\n|-damage|p2b: \u94f6\u91d1\u5996\u86c7|24/100|[from] item: Life Orb\n|\n|upkeep\n|-message|Van Halen Jumpluff forfeited.\n|\n|win|dasabe\u76d6\u6b27\u5361\u4fa0\n|raw|Van Halen Jumpluff's rating: 1507 &rarr; <strong>1486</strong><br />(-21 for losing)\n|raw|dasabe\u76d6\u6b27\u5361\u4fa0's rating: 1498 &rarr; <strong>1519</strong><br />(+21 for winning)\n|l|\u2606Van Halen Jumpluff\n|player|p1|\n|l|\u2606dasabe\u76d6\u6b27\u5361\u4fa0\n|player|p2|\n|l| eggyhvevo\n","uploadtime":1775135412,"views":22,"formatid":"gen9vgc2026regi","rating":1486,"private":0,"password":null}