{"id":"gen9vgc2026regi-2543059608","format":"[Gen 9] VGC 2026 Reg I","players":["marcxhenry","Rypassed You"],"log":"|j|\u2606marcxhenry\n|j|\u2606Rypassed You\n|t:|1771526770\n|gametype|doubles\n|player|p1|marcxhenry|hilbert-wonderlauncher|1476\n|player|p2|Rypassed You|drayton|1560\n|gen|9\n|tier|[Gen 9] VGC 2026 Reg I\n|rated|\n|rule|Species Clause: Limit one of each Pok\u00e9mon\n|rule|Item Clause: Limit 1 of each item\n|clearpoke\n|poke|p1|Calyrex-Shadow, L50|\n|poke|p1|Urshifu-*, L50, M|\n|poke|p1|Roaring Moon, L50|\n|poke|p1|Kyogre, L50|\n|poke|p1|Tsareena, L50, F|\n|poke|p1|Kingambit, L50, M|\n|poke|p2|Kyogre, L50|\n|poke|p2|Miraidon, L50|\n|poke|p2|Tornadus, L50, M|\n|poke|p2|Iron Hands, L50|\n|poke|p2|Farigiraf, L50, F|\n|poke|p2|Urshifu-*, L50, M|\n|teampreview|4\n|inactive|Battle timer is ON: inactive players will automatically lose when time's up. (requested by Rypassed You)\n|c|\u2606Rypassed You|oh you again\n|inactive|Rypassed You has 60 seconds left.\n|c|\u2606marcxhenry|yes\n|\n|t:|1771526805\n|teamsize|p1|4\n|teamsize|p2|4\n|start\n|switch|p1a: Ludwig|Calyrex-Shadow, L50|100/100\n|switch|p1b: Roter Baron|Roaring Moon, L50, shiny|100/100\n|switch|p2a: \u30c8\u30eb\u30cd\u30ed\u30b9|Tornadus, L50, M|100/100\n|switch|p2b: Natalia|Miraidon, L50|100/100\n|-ability|p1a: Ludwig|As One\n|-ability|p1a: Ludwig|Unnerve\n|-fieldstart|move: Electric Terrain|[from] ability: Hadron Engine|[of] p2b: Natalia\n|-enditem|p1b: Roter Baron|Booster Energy\n|-activate|p1b: Roter Baron|ability: Protosynthesis|[fromitem]\n|-start|p1b: Roter Baron|protosynthesisspe\n|turn|1\n|\n|t:|1771526822\n|-terastallize|p1b: Roter Baron|Flying\n|-terastallize|p2b: Natalia|Fairy\n|move|p2a: \u30c8\u30eb\u30cd\u30ed\u30b9|Taunt|p1a: Ludwig\n|-start|p1a: Ludwig|move: Taunt\n|move|p1b: Roter Baron|Tailwind|p1b: Roter Baron\n|-sidestart|p1: marcxhenry|move: Tailwind\n|move|p1a: Ludwig|Astral Barrage|p2b: Natalia|[spread] p2a,p2b\n|-damage|p2a: \u30c8\u30eb\u30cd\u30ed\u30b9|19/100\n|-damage|p2b: Natalia|49/100\n|move|p2b: Natalia|Dazzling Gleam|p1a: Ludwig|[spread] p1a,p1b\n|-damage|p1a: Ludwig|28/100\n|-damage|p1b: Roter Baron|34/100\n|\n|upkeep\n|turn|2\n|\n|t:|1771526841\n|switch|p2b: Dhruva|Kyogre, L50|100/100\n|-weather|RainDance|[from] ability: Drizzle|[of] p2b: Dhruva\n|move|p2a: \u30c8\u30eb\u30cd\u30ed\u30b9|Tailwind|p2a: \u30c8\u30eb\u30cd\u30ed\u30b9\n|-sidestart|p2: Rypassed You|move: Tailwind\n|move|p1b: Roter Baron|Knock Off|p2a: \u30c8\u30eb\u30cd\u30ed\u30b9\n|-damage|p2a: \u30c8\u30eb\u30cd\u30ed\u30b9|0 fnt\n|-enditem|p2a: \u30c8\u30eb\u30cd\u30ed\u30b9|Focus Sash|[from] move: Knock Off|[of] p1b: Roter Baron\n|faint|p2a: \u30c8\u30eb\u30cd\u30ed\u30b9\n|move|p1a: Ludwig|Astral Barrage|p2b: Dhruva\n|-damage|p2b: Dhruva|40/100\n|\n|-weather|RainDance|[upkeep]\n|upkeep\n|\n|t:|1771526847\n|switch|p2a: Eugene|Iron Hands, L50|100/100\n|-activate|p2a: Eugene|ability: Quark Drive\n|-start|p2a: Eugene|quarkdriveatk\n|turn|3\n|inactive|marcxhenry has 30 seconds left.\n|\n|t:|1771526876\n|switch|p1a: Hitmonshe|Tsareena, L50, F, shiny|100/100\n|move|p1b: Roter Baron|Knock Off|p2b: Dhruva\n|-damage|p2b: Dhruva|0 fnt\n|-enditem|p2b: Dhruva|Mystic Water|[from] move: Knock Off|[of] p1b: Roter Baron\n|faint|p2b: Dhruva\n|move|p2a: Eugene|Wild Charge|p1a: Hitmonshe\n|-resisted|p1a: Hitmonshe\n|-crit|p1a: Hitmonshe\n|-damage|p1a: Hitmonshe|24/100\n|-damage|p2a: Eugene|87/100|[from] Recoil\n|\n|-weather|RainDance|[upkeep]\n|upkeep\n|\n|t:|1771526882\n|switch|p2b: Natalia|Miraidon, L50, tera:Fairy|49/100\n|-activate|p2b: Natalia|ability: Hadron Engine\n|turn|4\n|-message|Rypassed You forfeited.\n|\n|win|marcxhenry\n|raw|marcxhenry's rating: 1476 &rarr; <strong>1501</strong><br />(+25 for winning)\n|raw|Rypassed You's rating: 1560 &rarr; <strong>1535</strong><br />(-25 for losing)\n|l|\u2606Rypassed You\n|player|p2|\n|l|\u2606marcxhenry\n|player|p1|\n","uploadtime":1771527162,"views":23,"formatid":"gen9vgc2026regi","rating":1501,"private":0,"password":null}