{"id":"gen9vgc2026regi-2563165517","format":"[Gen 9] VGC 2026 Reg I","players":["D4RKEVA","ricepresident666"],"log":"|j|\u2606D4RKEVA\n|j|\u2606ricepresident666\n|t:|1773997102\n|gametype|doubles\n|player|p1|D4RKEVA|169|1459\n|player|p2|ricepresident666|giovanni|1421\n|gen|9\n|tier|[Gen 9] VGC 2026 Reg I\n|rated|\n|rule|Species Clause: Limit one of each Pok\u00e9mon\n|rule|Item Clause: Limit 1 of each item\n|clearpoke\n|poke|p1|Lunala, L50|\n|poke|p1|Koraidon, L50|\n|poke|p1|Ursaluna, L50, F|\n|poke|p1|Brute Bonnet, L50|\n|poke|p1|Chi-Yu, L50|\n|poke|p1|Flutter Mane, L50|\n|poke|p2|Brute Bonnet, L50|\n|poke|p2|Lunala, L50|\n|poke|p2|Ursaluna, L50, F|\n|poke|p2|Chi-Yu, L50|\n|poke|p2|Koraidon, L50|\n|poke|p2|Flutter Mane, L50|\n|teampreview|4\n|inactive|Battle timer is ON: inactive players will automatically lose when time's up. (requested by ricepresident666)\nD4RKEVA rejected open team sheets.\n|\n|t:|1773997129\n|teamsize|p1|4\n|teamsize|p2|4\n|start\n|switch|p1a: Brute Bonnet|Brute Bonnet, L50|100/100\n|switch|p1b: Chi-Yu|Chi-Yu, L50|100/100\n|switch|p2a: Lunala|Lunala, L50|100/100\n|switch|p2b: Chi-Yu|Chi-Yu, L50|100/100\n|-ability|p2b: Chi-Yu|Beads of Ruin\n|-ability|p1b: Chi-Yu|Beads of Ruin\n|turn|1\n|\n|t:|1773997139\n|-terastallize|p2a: Lunala|Water\n|-terastallize|p1a: Brute Bonnet|Water\n|move|p1b: Chi-Yu|Snarl|p2b: Chi-Yu|[spread] p2a,p2b\n|-resisted|p2b: Chi-Yu\n|-damage|p2a: Lunala|90/100\n|-damage|p2b: Chi-Yu|87/100\n|-unboost|p2a: Lunala|spa|1\n|-unboost|p2b: Chi-Yu|spa|1\n|move|p2b: Chi-Yu|Overheat|p1a: Brute Bonnet\n|-resisted|p1a: Brute Bonnet\n|-damage|p1a: Brute Bonnet|75/100\n|-unboost|p2b: Chi-Yu|spa|2\n|move|p2a: Lunala|Moongeist Beam|p1a: Brute Bonnet\n|-damage|p1a: Brute Bonnet|38/100\n|-enditem|p1a: Brute Bonnet|Sitrus Berry|[eat]\n|-heal|p1a: Brute Bonnet|63/100|[from] item: Sitrus Berry\n|move|p1a: Brute Bonnet|Spore|p2a: Lunala\n|-status|p2a: Lunala|slp|[from] move: Spore\n|\n|upkeep\n|turn|2\n|\n|t:|1773997161\n|switch|p2b: Flutter Mane|Flutter Mane, L50|100/100\n|move|p1b: Chi-Yu|Snarl|p2b: Flutter Mane|[spread] p2a,p2b\n|-damage|p2a: Lunala|70/100 slp\n|-damage|p2b: Flutter Mane|63/100\n|-unboost|p2a: Lunala|spa|1\n|-unboost|p2b: Flutter Mane|spa|1\n|cant|p2a: Lunala|slp\n|move|p1a: Brute Bonnet|Spore|p2b: Flutter Mane\n|-status|p2b: Flutter Mane|slp|[from] move: Spore\n|\n|upkeep\n|turn|3\n|-message|ricepresident666 forfeited.\n|\n|win|D4RKEVA\n|raw|D4RKEVA's rating: 1459 &rarr; <strong>1477</strong><br />(+18 for winning)\n|raw|ricepresident666's rating: 1421 &rarr; <strong>1403</strong><br />(-18 for losing)\n|l|\u2606ricepresident666\n|player|p2|\n","uploadtime":1773997171,"views":27,"formatid":"gen9vgc2026regi","rating":1403,"private":0,"password":null}