{"id":"gen9vgc2026regi-2573411389","format":"[Gen 9] VGC 2026 Reg I","players":["Jigawoho","sunny_zong3"],"log":"|j|\u2606Jigawoho\n|j|\u2606sunny_zong3\n|t:|1775133995\n|gametype|doubles\n|player|p1|Jigawoho|266|1347\n|player|p2|sunny_zong3|266|1306\n|gen|9\n|tier|[Gen 9] VGC 2026 Reg I\n|rated|\n|rule|Species Clause: Limit one of each Pok\u00e9mon\n|rule|Item Clause: Limit 1 of each item\n|clearpoke\n|poke|p1|Koraidon, L50|\n|poke|p1|Calyrex-Shadow, L50|\n|poke|p1|Weezing-Galar, L50, M|\n|poke|p1|Iron Treads, L50|\n|poke|p1|Chi-Yu, L50|\n|poke|p1|Rillaboom, L50, F|\n|poke|p2|Typhlosion-Hisui, L50, M|\n|poke|p2|Miraidon, L50|\n|poke|p2|Calyrex-Shadow, L50|\n|poke|p2|Murkrow, L50, F|\n|poke|p2|Torkoal, L50, F|\n|poke|p2|Ursaluna-Bloodmoon, L50, M|\n|teampreview|4\n|inactive|Battle timer is ON: inactive players will automatically lose when time's up. (requested by sunny_zong3)\n|\n|t:|1775134012\n|teamsize|p1|4\n|teamsize|p2|4\n|start\n|switch|p1a: Weezing|Weezing-Galar, L50, M|100/100\n|switch|p1b: Calyrex|Calyrex-Shadow, L50|100/100\n|switch|p2a: Murkrow|Murkrow, L50, F|100/100\n|switch|p2b: Typhlosion|Typhlosion-Hisui, L50, M|100/100\n|-ability|p1a: Weezing|Neutralizing Gas\n|-ability|p1b: Calyrex|As One\n|-ability|p1b: Calyrex|Unnerve\n|turn|1\n|\n|t:|1775134022\n|move|p1b: Calyrex|Astral Barrage|p2a: Murkrow|[spread] p2a,p2b\n|-resisted|p2a: Murkrow\n|-supereffective|p2b: Typhlosion\n|-damage|p2a: Murkrow|28/100\n|-enditem|p2b: Typhlosion|Focus Sash\n|-damage|p2b: Typhlosion|1/100\n|move|p2b: Typhlosion|Shadow Ball|p1b: Calyrex\n|-supereffective|p1b: Calyrex\n|-enditem|p1b: Calyrex|Focus Sash\n|-damage|p1b: Calyrex|1/100\n|move|p2a: Murkrow|Tailwind|p2a: Murkrow\n|-sidestart|p2: sunny_zong3|move: Tailwind\n|move|p1a: Weezing|Strange Steam|p2a: Murkrow\n|-supereffective|p2a: Murkrow\n|-damage|p2a: Murkrow|0 fnt\n|faint|p2a: Murkrow\n|\n|upkeep\n|\n|t:|1775134025\n|switch|p2a: Calyrex|Calyrex-Shadow, L50|100/100\n|-ability|p2a: Calyrex|As One\n|-ability|p2a: Calyrex|Unnerve\n|turn|2\n|inactive|sunny_zong3 has 30 seconds left.\n|\n|t:|1775134052\n|move|p1b: Calyrex|Protect|p1b: Calyrex\n|-singleturn|p1b: Calyrex|Protect\n|move|p2a: Calyrex|Astral Barrage|p1a: Weezing|[spread] p1a\n|-activate|p1b: Calyrex|move: Protect\n|-damage|p1a: Weezing|25/100\n|-damage|p2a: Calyrex|91/100|[from] item: Life Orb\n|move|p2b: Typhlosion|Curse|p1a: Weezing\n|-start|p1a: Weezing|Curse|[of] p2b: Typhlosion\n|-damage|p2b: Typhlosion|0 fnt\n|faint|p2b: Typhlosion\n|move|p1a: Weezing|Strange Steam|p2a: Calyrex\n|-damage|p2a: Calyrex|63/100\n|\n|-damage|p1a: Weezing|0 fnt|[from] Curse\n|faint|p1a: Weezing\n|-end|p1a: Weezing|ability: Neutralizing Gas\n|upkeep\n|\n|t:|1775134076\n|switch|p2b: Miraidon|Miraidon, L50|100/100\n|switch|p1a: Chi-Yu|Chi-Yu, L50|100/100\n|-fieldstart|move: Electric Terrain|[from] ability: Hadron Engine|[of] p2b: Miraidon\n|-ability|p1a: Chi-Yu|Beads of Ruin\n|turn|3\n|\n|t:|1775134086\n|switch|p1a: Iron Treads|Iron Treads, L50|100/100\n|-activate|p1a: Iron Treads|ability: Quark Drive\n|-start|p1a: Iron Treads|quarkdrivespe\n|-terastallize|p2b: Miraidon|Fairy\n|move|p2a: Calyrex|Astral Barrage|p1b: Calyrex|[spread] p1a,p1b\n|-supereffective|p1b: Calyrex\n|-damage|p1a: Iron Treads|0 fnt\n|-damage|p1b: Calyrex|0 fnt\n|faint|p1a: Iron Treads\n|-end|p1a: Iron Treads|Quark Drive|[silent]\n|faint|p1b: Calyrex\n|-ability|p2a: Calyrex|Grim Neigh|boost\n|-boost|p2a: Calyrex|spa|2\n|-damage|p2a: Calyrex|53/100|[from] item: Life Orb\n|move|p2b: Miraidon|Dazzling Gleam|p1: Iron Treads|[notarget]\n|-fail|p2b: Miraidon\n|\n|upkeep\n|-message|Jigawoho forfeited.\n|\n|win|sunny_zong3\n|raw|Jigawoho's rating: 1347 &rarr; <strong>1325</strong><br />(-22 for losing)\n|raw|sunny_zong3's rating: 1306 &rarr; <strong>1328</strong><br />(+22 for winning)\n|l|\u2606Jigawoho\n|player|p1|\n|l|\u2606sunny_zong3\n|player|p2|\n","uploadtime":1775134328,"views":11,"formatid":"gen9vgc2026regi","rating":1325,"private":0,"password":null}