{"id":"gen9vgc2026regi-2562549362","format":"[Gen 9] VGC 2026 Reg I","players":["sheeshshane925","Dbzone9001"],"log":"|j|\u2606sheeshshane925\n|j|\u2606Dbzone9001\n|t:|1773929369\n|gametype|doubles\n|player|p1|sheeshshane925|chuck|1437\n|player|p2|Dbzone9001|265|1452\n|gen|9\n|tier|[Gen 9] VGC 2026 Reg I\n|rated|\n|rule|Species Clause: Limit one of each Pok\u00e9mon\n|rule|Item Clause: Limit 1 of each item\n|clearpoke\n|poke|p1|Calyrex-Ice, L50|\n|poke|p1|Miraidon, L50|\n|poke|p1|Farigiraf, L50, F|\n|poke|p1|Iron Hands, L50|\n|poke|p1|Scraggy, L50, M|\n|poke|p1|Iron Bundle, L50|\n|poke|p2|Calyrex-Ice, L50|\n|poke|p2|Urshifu-*, L50, M|\n|poke|p2|Rillaboom, L50, F|\n|poke|p2|Terapagos, L50, M|\n|poke|p2|Incineroar, L50, M|\n|poke|p2|Tornadus, L50, M|\n|teampreview|4\n|inactive|Battle timer is ON: inactive players will automatically lose when time's up. (requested by Dbzone9001)\n|\n|t:|1773929425\n|teamsize|p1|4\n|teamsize|p2|4\n|start\n|switch|p1a: Farigiraf|Farigiraf, L50, F, shiny|100/100\n|switch|p1b: Iron Hands|Iron Hands, L50|100/100\n|switch|p2a: Calyrex|Calyrex-Ice, L50|100/100\n|switch|p2b: Rillaboom|Rillaboom, L50, F|100/100\n|-ability|p2a: Calyrex|As One\n|-ability|p2a: Calyrex|Unnerve\n|-fieldstart|move: Grassy Terrain|[from] ability: Grassy Surge|[of] p2b: Rillaboom\n|turn|1\n|inactive|sheeshshane925 has 30 seconds left.\n|\n|t:|1773929455\n|move|p1b: Iron Hands|Fake Out|p2a: Calyrex\n|-damage|p2a: Calyrex|90/100\n|move|p2b: Rillaboom|Wood Hammer|p1a: Farigiraf\n|-damage|p1a: Farigiraf|43/100\n|-damage|p2b: Rillaboom|80/100|[from] Recoil\n|cant|p2a: Calyrex|flinch\n|move|p1a: Farigiraf|Trick Room|p1a: Farigiraf\n|-fieldstart|move: Trick Room|[of] p1a: Farigiraf\n|\n|-heal|p1a: Farigiraf|49/100|[from] Grassy Terrain\n|-heal|p2a: Calyrex|96/100|[from] Grassy Terrain\n|-heal|p2a: Calyrex|100/100|[from] item: Leftovers\n|-heal|p2b: Rillaboom|86/100|[from] Grassy Terrain\n|upkeep\n|turn|2\n|\n|t:|1773929473\n|-end|p1b: Iron Hands|Quark Drive|[silent]\n|switch|p1b: Scraggy|Scraggy, L50, M|100/100\n|-ability|p1b: Scraggy|Intimidate|boost\n|-unboost|p2a: Calyrex|atk|1\n|-unboost|p2b: Rillaboom|atk|1\n|switch|p1a: Calyrex|Calyrex-Ice, L50|100/100\n|-ability|p1a: Calyrex|As One\n|-ability|p1a: Calyrex|Unnerve\n|move|p2a: Calyrex|Glacial Lance|p1a: Calyrex|[spread] p1a,p1b\n|-resisted|p1a: Calyrex\n|-damage|p1a: Calyrex|87/100\n|-damage|p1b: Scraggy|64/100\n|move|p2b: Rillaboom|U-turn|p1a: Calyrex\n|-supereffective|p1a: Calyrex\n|-damage|p1a: Calyrex|66/100\n|\n|t:|1773929492\n|switch|p2b: Incineroar|Incineroar, L50, M|100/100|[from] U-turn\n|-ability|p2b: Incineroar|Intimidate|boost\n|-fail|p1a: Calyrex|unboost|[from] item: Clear Amulet|[of] p1a: Calyrex\n|-unboost|p1b: Scraggy|atk|1\n|\n|-heal|p1b: Scraggy|70/100|[from] Grassy Terrain\n|-heal|p1a: Calyrex|72/100|[from] Grassy Terrain\n|upkeep\n|turn|3\n|\n|t:|1773929513\n|-terastallize|p1a: Calyrex|Fire\n|move|p1b: Scraggy|Fake Out|p2b: Incineroar\n|-damage|p2b: Incineroar|96/100\n|move|p1a: Calyrex|High Horsepower|p2b: Incineroar\n|-supereffective|p2b: Incineroar\n|-damage|p2b: Incineroar|21/100\n|move|p2a: Calyrex|Glacial Lance|p1a: Calyrex|[spread] p1a,p1b\n|-resisted|p1a: Calyrex\n|-damage|p1a: Calyrex|60/100\n|-damage|p1b: Scraggy|33/100\n|cant|p2b: Incineroar|flinch\n|\n|-heal|p1b: Scraggy|39/100|[from] Grassy Terrain\n|-heal|p1a: Calyrex|66/100|[from] Grassy Terrain\n|-heal|p2b: Incineroar|27/100|[from] Grassy Terrain\n|upkeep\n|turn|4\n|inactive|Dbzone9001 has 30 seconds left.\n|\n|t:|1773929542\n|switch|p2b: Rillaboom|Rillaboom, L50, F|86/100\n|move|p1b: Scraggy|Endeavor|p2a: Calyrex\n|-damage|p2a: Calyrex|24/100\n|move|p1a: Calyrex|Glacial Lance|p2a: Calyrex|[spread] p2a,p2b\n|-resisted|p2a: Calyrex\n|-supereffective|p2b: Rillaboom\n|-damage|p2a: Calyrex|7/100\n|-damage|p2b: Rillaboom|0 fnt\n|faint|p2b: Rillaboom\n|-ability|p1a: Calyrex|Chilling Neigh|boost\n|-boost|p1a: Calyrex|atk|1\n|move|p2a: Calyrex|Leech Seed|p1a: Calyrex\n|-start|p1a: Calyrex|move: Leech Seed\n|\n|-heal|p1b: Scraggy|44/100|[from] Grassy Terrain\n|-heal|p1a: Calyrex|72/100|[from] Grassy Terrain\n|-heal|p2a: Calyrex|13/100|[from] Grassy Terrain\n|-heal|p2a: Calyrex|18/100|[from] item: Leftovers\n|-damage|p1a: Calyrex|60/100|[from] Leech Seed|[of] p2a: Calyrex\n|-heal|p2a: Calyrex|30/100|[silent]\n|upkeep\n|-message|Dbzone9001 forfeited.\n|\n|win|sheeshshane925\n|raw|sheeshshane925's rating: 1437 &rarr; <strong>1458</strong><br />(+21 for winning)\n|raw|Dbzone9001's rating: 1452 &rarr; <strong>1431</strong><br />(-21 for losing)\n|l|\u2606sheeshshane925\n|player|p1|\n|l|\u2606Dbzone9001\n|player|p2|\n","uploadtime":1773929701,"views":12,"formatid":"gen9vgc2026regi","rating":1431,"private":0,"password":null}