{"id":"gen9vgc2026regi-2544006524","format":"[Gen 9] VGC 2026 Reg I","players":["Lewissquire","xiaoliyunVGC"],"log":"|j|\u2606Lewissquire\n|j|\u2606xiaoliyunVGC\n|t:|1771641761\n|gametype|doubles\n|player|p1|Lewissquire|1|1417\n|player|p2|xiaoliyunVGC|liko|1370\n|gen|9\n|tier|[Gen 9] VGC 2026 Reg I\n|rated|\n|rule|Species Clause: Limit one of each Pok\u00e9mon\n|rule|Item Clause: Limit 1 of each item\n|clearpoke\n|poke|p1|Miraidon, L50|\n|poke|p1|Calyrex-Ice, L50|\n|poke|p1|Incineroar, L50, F|\n|poke|p1|Urshifu-*, L50, F|\n|poke|p1|Amoonguss, L50, M|\n|poke|p1|Walking Wake, L50|\n|poke|p2|Zamazenta-*, L50|\n|poke|p2|Kyogre, L50|\n|poke|p2|Raichu, L50, F|\n|poke|p2|Flutter Mane, L50|\n|poke|p2|Tornadus, L50, M|\n|poke|p2|Kingambit, L50, M|\n|teampreview|4\n|inactive|Battle timer is ON: inactive players will automatically lose when time's up. (requested by xiaoliyunVGC)\n|inactive|Lewissquire has 60 seconds left.\n|\n|t:|1771641794\n|teamsize|p1|4\n|teamsize|p2|4\n|start\n|switch|p1a: Walking Wake|Walking Wake, L50|100/100\n|switch|p1b: Calyrex|Calyrex-Ice, L50|100/100\n|switch|p2a: Zamazenta|Zamazenta-Crowned, L50, shiny|100/100\n|switch|p2b: Raichu|Raichu, L50, F|100/100\n|-ability|p1b: Calyrex|As One\n|-ability|p1b: Calyrex|Unnerve\n|-ability|p2a: Zamazenta|Dauntless Shield|boost\n|-boost|p2a: Zamazenta|def|1\n|-enditem|p1a: Walking Wake|Booster Energy\n|-activate|p1a: Walking Wake|ability: Protosynthesis|[fromitem]\n|-start|p1a: Walking Wake|protosynthesisspe\n|turn|1\n|inactive|Lewissquire has 30 seconds left.\n|inactive|Lewissquire has 20 seconds left.\n|\n|t:|1771641834\n|-terastallize|p2a: Zamazenta|Fighting\n|move|p1b: Calyrex|Protect|p1b: Calyrex\n|-singleturn|p1b: Calyrex|Protect\n|move|p2b: Raichu|Feint|p1b: Calyrex\n|-activate|p1b: Calyrex|move: Feint\n|-damage|p1b: Calyrex|96/100\n|move|p1a: Walking Wake|Flamethrower|p2a: Zamazenta\n|-crit|p2a: Zamazenta\n|-damage|p2a: Zamazenta|71/100\n|move|p2a: Zamazenta|Body Press|p1b: Calyrex\n|-damage|p1b: Calyrex|35/100\n|\n|upkeep\n|turn|2\n|inactive|Lewissquire has 30 seconds left.\n|\n|t:|1771641860\n|move|p1a: Walking Wake|Hydro Steam|p2a: Zamazenta\n|-damage|p2a: Zamazenta|46/100\n|move|p2b: Raichu|Nuzzle|p1a: Walking Wake\n|-damage|p1a: Walking Wake|93/100\n|-status|p1a: Walking Wake|par\n|move|p2a: Zamazenta|Body Press|p1b: Calyrex\n|-damage|p1b: Calyrex|0 fnt\n|faint|p1b: Calyrex\n|\n|upkeep\n|\n|t:|1771641868\n|switch|p1b: Miraidon|Miraidon, L50|100/100\n|-fieldstart|move: Electric Terrain|[from] ability: Hadron Engine|[of] p1b: Miraidon\n|turn|3\n|\n|t:|1771641883\n|switch|p2b: Flutter Mane|Flutter Mane, L50|100/100\n|-enditem|p2b: Flutter Mane|Booster Energy\n|-activate|p2b: Flutter Mane|ability: Protosynthesis|[fromitem]\n|-start|p2b: Flutter Mane|protosynthesisspe\n|move|p2a: Zamazenta|Protect|p2a: Zamazenta\n|-singleturn|p2a: Zamazenta|Protect\n|move|p1b: Miraidon|Draco Meteor|p2a: Zamazenta\n|-activate|p2a: Zamazenta|move: Protect\n|move|p1a: Walking Wake|Flamethrower|p2b: Flutter Mane\n|-damage|p2b: Flutter Mane|71/100\n|\n|upkeep\n|turn|4\n|-message|Lewissquire forfeited.\n|\n|win|xiaoliyunVGC\n|raw|Lewissquire's rating: 1417 &rarr; <strong>1394</strong><br />(-23 for losing)\n|raw|xiaoliyunVGC's rating: 1370 &rarr; <strong>1393</strong><br />(+23 for winning)\n|l|\u2606Lewissquire\n|player|p1|\n","uploadtime":1771642072,"views":16,"formatid":"gen9vgc2026regi","rating":1393,"private":0,"password":null}