{"id":"gen9vgc2026regi-2558143494","format":"[Gen 9] VGC 2026 Reg I","players":["cookertree","ArisHazard"],"log":"|j|\u2606cookertree\n|j|\u2606ArisHazard\n|t:|1773407801\n|gametype|doubles\n|player|p1|cookertree|169|1334\n|player|p2|ArisHazard|1|1390\n|gen|9\n|tier|[Gen 9] VGC 2026 Reg I\n|rated|\n|rule|Species Clause: Limit one of each Pok\u00e9mon\n|rule|Item Clause: Limit 1 of each item\n|clearpoke\n|poke|p1|Calyrex-Ice, L50|\n|poke|p1|Kyogre, L50|\n|poke|p1|Indeedee-F, L50, F|\n|poke|p1|Smeargle, L50, M|\n|poke|p1|Amoonguss, L50, M|\n|poke|p1|Landorus, L50, M|\n|poke|p2|Calyrex-Ice, L50|\n|poke|p2|Hitmontop, L50, M|\n|poke|p2|Miraidon, L50|\n|poke|p2|Sableye, L50, F|\n|poke|p2|Ting-Lu, L50|\n|poke|p2|Iron Valiant, L50|\n|teampreview|4\n|\n|t:|1773407852\n|teamsize|p1|4\n|teamsize|p2|4\n|start\n|switch|p1a: Calyrex|Calyrex-Ice, L50|100/100\n|switch|p1b: Smeargle|Smeargle, L50, M, shiny|100/100\n|switch|p2a: Calyrex|Calyrex-Ice, L50|100/100\n|switch|p2b: Hitmontop|Hitmontop, L50, M|100/100\n|-ability|p1a: Calyrex|As One\n|-ability|p1a: Calyrex|Unnerve\n|-ability|p2a: Calyrex|As One\n|-ability|p2a: Calyrex|Unnerve\n|-ability|p2b: Hitmontop|Intimidate|boost\n|-fail|p1a: Calyrex|unboost|[from] item: Clear Amulet|[of] p1a: Calyrex\n|-unboost|p1b: Smeargle|atk|1\n|turn|1\n|inactive|Battle timer is ON: inactive players will automatically lose when time's up. (requested by ArisHazard)\n|\n|t:|1773407880\n|switch|p2a: Miraidon|Miraidon, L50|100/100\n|-fieldstart|move: Electric Terrain|[from] ability: Hadron Engine|[of] p2a: Miraidon\n|move|p1b: Smeargle|Fake Out|p2b: Hitmontop\n|-damage|p2b: Hitmontop|97/100\n|move|p2b: Hitmontop|Fake Out|p1a: Calyrex\n|-damage|p1a: Calyrex|95/100\n|cant|p1a: Calyrex|flinch\n|\n|-ability|p1b: Smeargle|Moody|boost\n|-boost|p1b: Smeargle|spd|2\n|-unboost|p1b: Smeargle|spe|1\n|upkeep\n|turn|2\n|\n|t:|1773407897\n|move|p2a: Miraidon|Volt Switch|p1b: Smeargle\n|-damage|p1b: Smeargle|21/100\n|\n|t:|1773407901\n|switch|p2a: Calyrex|Calyrex-Ice, L50|100/100|[from] Volt Switch\n|-ability|p2a: Calyrex|As One\n|-ability|p2a: Calyrex|Unnerve\n|move|p1b: Smeargle|Decorate|p1a: Calyrex\n|-boost|p1a: Calyrex|atk|2\n|-boost|p1a: Calyrex|spa|2\n|move|p2b: Hitmontop|Coaching|p2a: Calyrex\n|-boost|p2a: Calyrex|atk|1\n|-boost|p2a: Calyrex|def|1\n|move|p1a: Calyrex|Glacial Lance|p2a: Calyrex|[spread] p2a,p2b\n|-resisted|p2a: Calyrex\n|-crit|p2a: Calyrex\n|-damage|p2a: Calyrex|48/100\n|-damage|p2b: Hitmontop|0 fnt\n|faint|p2b: Hitmontop\n|-ability|p1a: Calyrex|Chilling Neigh|boost\n|-boost|p1a: Calyrex|atk|1\n|\n|-ability|p1b: Smeargle|Moody|boost\n|-boost|p1b: Smeargle|def|2\n|-unboost|p1b: Smeargle|spe|1\n|upkeep\n|\n|t:|1773407926\n|switch|p2b: Iron Valiant|Iron Valiant, L50|100/100\n|-activate|p2b: Iron Valiant|ability: Quark Drive\n|-start|p2b: Iron Valiant|quarkdrivespe\n|turn|3\n|\n|t:|1773407943\n|move|p2b: Iron Valiant|Wide Guard|p2b: Iron Valiant\n|-singleturn|p2b: Iron Valiant|Wide Guard\n|move|p1a: Calyrex|Imprison|p1a: Calyrex\n|-start|p1a: Calyrex|move: Imprison\n|move|p1b: Smeargle|Spore|p2b: Iron Valiant\n|-activate|p2b: Iron Valiant|move: Electric Terrain\n|move|p2a: Calyrex|Stomping Tantrum|p1b: Smeargle\n|-damage|p1b: Smeargle|0 fnt\n|faint|p1b: Smeargle\n|-ability|p2a: Calyrex|Chilling Neigh|boost\n|-boost|p2a: Calyrex|atk|1\n|\n|upkeep\n|\n|t:|1773407951\n|switch|p1b: Landorus|Landorus, L50, M, shiny|100/100\n|turn|4\n|\n|t:|1773407974\n|-terastallize|p1b: Landorus|Ground\n|move|p2b: Iron Valiant|Moonblast|p1b: Landorus\n|-damage|p1b: Landorus|55/100\n|move|p1b: Landorus|Sandsear Storm|p2b: Iron Valiant|[spread] p2a,p2b\n|-damage|p2a: Calyrex|2/100\n|-damage|p2b: Iron Valiant|3/100\n|move|p1a: Calyrex|Glacial Lance|p2a: Calyrex|[spread] p2a,p2b\n|-resisted|p2a: Calyrex\n|-crit|p2a: Calyrex\n|-crit|p2b: Iron Valiant\n|-damage|p2a: Calyrex|0 fnt\n|-damage|p2b: Iron Valiant|0 fnt\n|faint|p2a: Calyrex\n|faint|p2b: Iron Valiant\n|-end|p2b: Iron Valiant|Quark Drive|[silent]\n|-ability|p1a: Calyrex|Chilling Neigh|boost\n|-boost|p1a: Calyrex|atk|2\n|\n|upkeep\n|c|\u2606cookertree|gg\n|-message|ArisHazard forfeited.\n|\n|win|cookertree\n|raw|cookertree's rating: 1334 &rarr; <strong>1357</strong><br />(+23 for winning)\n|raw|ArisHazard's rating: 1390 &rarr; <strong>1367</strong><br />(-23 for losing)\n|l|\u2606ArisHazard\n|player|p2|\n|l|\u2606cookertree\n|player|p1|\n","uploadtime":1773408241,"views":11,"formatid":"gen9vgc2026regi","rating":1357,"private":0,"password":null}