{"id":"gen9vgc2026regi-2552314058","format":"[Gen 9] VGC 2026 Reg I","players":["drive stone","JotaroTheGreat"],"log":"|j|\u2606drive stone\n|j|\u2606JotaroTheGreat\n|t:|1772706767\n|gametype|doubles\n|player|p1|drive stone|cilan|1474\n|player|p2|JotaroTheGreat|169|1397\n|gen|9\n|tier|[Gen 9] VGC 2026 Reg I\n|rated|\n|rule|Species Clause: Limit one of each Pok\u00e9mon\n|rule|Item Clause: Limit 1 of each item\n|clearpoke\n|poke|p1|Calyrex-Ice, L50|\n|poke|p1|Farigiraf, L50, M|\n|poke|p1|Scraggy, L50, M|\n|poke|p1|Iron Treads, L50|\n|poke|p1|Iron Hands, L50|\n|poke|p1|Miraidon, L50|\n|poke|p2|Calyrex-Shadow, L50|\n|poke|p2|Raging Bolt, L50|\n|poke|p2|Incineroar, L50, M|\n|poke|p2|Ursaluna, L50, F|\n|poke|p2|Whimsicott, L50, M|\n|poke|p2|Koraidon, L50|\n|teampreview|4\n|inactive|Battle timer is ON: inactive players will automatically lose when time's up. (requested by JotaroTheGreat)\n|\n|t:|1772706797\n|teamsize|p1|4\n|teamsize|p2|4\n|start\n|switch|p1a: Miraidon|Miraidon, L50|100/100\n|switch|p1b: Farigiraf|Farigiraf, L50, M|100/100\n|switch|p2a: Koraidon|Koraidon, L50|100/100\n|switch|p2b: Raging Bolt|Raging Bolt, L50|100/100\n|-weather|SunnyDay|[from] ability: Orichalcum Pulse|[of] p2a: Koraidon\n|-activate|p2b: Raging Bolt|ability: Protosynthesis\n|-start|p2b: Raging Bolt|protosynthesisspa\n|-activate|p2a: Koraidon|Orichalcum Pulse|[source]\n|-fieldstart|move: Electric Terrain|[from] ability: Hadron Engine|[of] p1a: Miraidon\n|-enditem|p1b: Farigiraf|Electric Seed\n|-boost|p1b: Farigiraf|def|1|[from] item: Electric Seed\n|turn|1\n|inactive|drive stone has 30 seconds left.\n|inactive|drive stone has 20 seconds left.\n|inactive|drive stone has 15 seconds left.\n|inactive|drive stone has 10 seconds left.\n|\n|t:|1772706844\n|move|p2a: Koraidon|Close Combat|p1a: Miraidon\n|-damage|p1a: Miraidon|0 fnt\n|-unboost|p2a: Koraidon|def|1\n|-unboost|p2a: Koraidon|spd|1\n|faint|p1a: Miraidon\n|-damage|p2a: Koraidon|91/100|[from] item: Life Orb\n|move|p2b: Raging Bolt|Thunderbolt|p1b: Farigiraf\n|-damage|p1b: Farigiraf|17/100\n|move|p1b: Farigiraf|Trick Room|p1b: Farigiraf\n|-fieldstart|move: Trick Room|[of] p1b: Farigiraf\n|\n|-weather|SunnyDay|[upkeep]\n|upkeep\n|\n|t:|1772706864\n|switch|p1a: Calyrex|Calyrex-Ice, L50|100/100\n|-ability|p1a: Calyrex|As One\n|-ability|p1a: Calyrex|Unnerve\n|turn|2\n|\n|t:|1772706882\n|switch|p2a: Incineroar|Incineroar, L50, M|100/100\n|-ability|p2a: Incineroar|Intimidate|boost\n|-fail|p1a: Calyrex|unboost|[from] item: Clear Amulet|[of] p1a: Calyrex\n|-unboost|p1b: Farigiraf|atk|1\n|-terastallize|p1a: Calyrex|Fire\n|move|p1b: Farigiraf|Helping Hand|p1a: Calyrex\n|-singleturn|p1a: Calyrex|Helping Hand|[of] p1b: Farigiraf\n|move|p1a: Calyrex|High Horsepower|p2a: Incineroar\n|-supereffective|p2a: Incineroar\n|-damage|p2a: Incineroar|0 fnt\n|-damage|p1a: Calyrex|84/100|[from] item: Rocky Helmet|[of] p2a: Incineroar\n|faint|p2a: Incineroar\n|-ability|p1a: Calyrex|Chilling Neigh|boost\n|-boost|p1a: Calyrex|atk|1\n|move|p2b: Raging Bolt|Thunderbolt|p1b: Farigiraf\n|-damage|p1b: Farigiraf|0 fnt\n|faint|p1b: Farigiraf\n|\n|-weather|SunnyDay|[upkeep]\n|upkeep\n|\n|t:|1772706904\n|switch|p2a: Ursaluna|Ursaluna, L50, F|100/100\n|switch|p1b: Scraggy|Scraggy, L50, M|100/100\n|-ability|p1b: Scraggy|Intimidate|boost\n|-unboost|p2a: Ursaluna|atk|1\n|-unboost|p2b: Raging Bolt|atk|1\n|turn|3\n|\n|t:|1772706917\n|move|p2a: Ursaluna|Protect|p2a: Ursaluna\n|-singleturn|p2a: Ursaluna|Protect\n|move|p1b: Scraggy|Fake Out|p2b: Raging Bolt\n|-damage|p2b: Raging Bolt|94/100\n|cant|p2b: Raging Bolt|flinch\n|move|p1a: Calyrex|Glacial Lance|p2b: Raging Bolt|[spread] p2b\n|-activate|p2a: Ursaluna|move: Protect\n|-supereffective|p2b: Raging Bolt\n|-damage|p2b: Raging Bolt|0 fnt\n|faint|p2b: Raging Bolt\n|-end|p2b: Raging Bolt|Protosynthesis|[silent]\n|-ability|p1a: Calyrex|Chilling Neigh|boost\n|-boost|p1a: Calyrex|atk|1\n|\n|-weather|SunnyDay|[upkeep]\n|-status|p2a: Ursaluna|brn|[from] item: Flame Orb\n|upkeep\n|\n|t:|1772706922\n|switch|p2b: Koraidon|Koraidon, L50|91/100\n|-activate|p2b: Koraidon|ability: Orichalcum Pulse\n|turn|4\n|\n|t:|1772706938\n|move|p1b: Scraggy|Coaching|p1a: Calyrex\n|-boost|p1a: Calyrex|atk|1\n|-boost|p1a: Calyrex|def|1\n|move|p2a: Ursaluna|Headlong Rush|p1a: Calyrex\n|-supereffective|p1a: Calyrex\n|-damage|p1a: Calyrex|28/100\n|-unboost|p2a: Ursaluna|def|1\n|-unboost|p2a: Ursaluna|spd|1\n|move|p1a: Calyrex|Glacial Lance|p2b: Koraidon|[spread] p2a,p2b\n|-supereffective|p2a: Ursaluna\n|-supereffective|p2b: Koraidon\n|-damage|p2a: Ursaluna|0 fnt\n|-damage|p2b: Koraidon|0 fnt\n|faint|p2a: Ursaluna\n|faint|p2b: Koraidon\n|\n|win|drive stone\n|raw|drive stone's rating: 1474 &rarr; <strong>1490</strong><br />(+16 for winning)\n|raw|JotaroTheGreat's rating: 1397 &rarr; <strong>1381</strong><br />(-16 for losing)\n|l|\u2606JotaroTheGreat\n|player|p2|\n|l|\u2606drive stone\n|player|p1|\n","uploadtime":1772707170,"views":13,"formatid":"gen9vgc2026regi","rating":1381,"private":0,"password":null}