{"id":"gen9vgc2026regi-2586772743","format":"[Gen 9] VGC 2026 Reg I","players":["wasaad5","nekines"],"log":"|j|\u2606wasaad5\n|j|\u2606nekines\n|t:|1776458727\n|gametype|doubles\n|player|p1|wasaad5|blue|1256\n|player|p2|nekines|lucas|1410\n|gen|9\n|tier|[Gen 9] VGC 2026 Reg I\n|rated|\n|rule|Species Clause: Limit one of each Pok\u00e9mon\n|rule|Item Clause: Limit 1 of each item\n|clearpoke\n|poke|p1|Kyurem-White, L50|\n|poke|p1|Zacian-*, L50|\n|poke|p1|Sableye, L50, F|\n|poke|p1|Urshifu-*, L50, F|\n|poke|p1|Amoonguss, L50, M|\n|poke|p1|Incineroar, L50, M|\n|poke|p2|Raging Bolt, L50|\n|poke|p2|Calyrex-Shadow, L50|\n|poke|p2|Brute Bonnet, L50|\n|poke|p2|Chi-Yu, L50|\n|poke|p2|Koraidon, L50|\n|poke|p2|Weezing-Galar, L50, M|\n|teampreview|4\n|inactive|Battle timer is ON: inactive players will automatically lose when time's up. (requested by nekines)\n|inactive|wasaad5 has 60 seconds left.\n|\n|t:|1776458768\n|teamsize|p1|4\n|teamsize|p2|4\n|start\n|switch|p1a: Incineroar|Incineroar, L50, M|100/100\n|switch|p1b: Zacian|Zacian-Crowned, L50|100/100\n|switch|p2a: Koraidon|Koraidon, L50|100/100\n|switch|p2b: Weezing|Weezing-Galar, L50, M|100/100\n|-ability|p2b: Weezing|Neutralizing Gas\n|-block|p2a: Koraidon|item: Ability Shield\n|-weather|SunnyDay|[from] ability: Orichalcum Pulse|[of] p2a: Koraidon\n|-activate|p2a: Koraidon|Orichalcum Pulse|[source]\n|turn|1\n|\n|t:|1776458777\n|move|p2a: Koraidon|Protect|p2a: Koraidon\n|-singleturn|p2a: Koraidon|Protect\n|move|p2b: Weezing|Protect|p2b: Weezing\n|-singleturn|p2b: Weezing|Protect\n|move|p1a: Incineroar|Fake Out|p2a: Koraidon\n|-activate|p2a: Koraidon|move: Protect\n|move|p1b: Zacian|Behemoth Blade|p2b: Weezing\n|-activate|p2b: Weezing|move: Protect\n|\n|-weather|SunnyDay|[upkeep]\n|upkeep\n|turn|2\n|\n|t:|1776458792\n|-end|p2b: Weezing|ability: Neutralizing Gas\n|-ability|p1b: Zacian|Intrepid Sword|boost\n|-boost|p1b: Zacian|atk|1\n|-ability|p1a: Incineroar|Intimidate|boost\n|-unboost|p2a: Koraidon|atk|1\n|-unboost|p2b: Weezing|atk|1\n|switch|p2b: Chi-Yu|Chi-Yu, L50|100/100\n|-ability|p2b: Chi-Yu|Beads of Ruin\n|-terastallize|p2a: Koraidon|Fire\n|move|p1b: Zacian|Protect|p1b: Zacian\n|-singleturn|p1b: Zacian|Protect\n|move|p2a: Koraidon|Collision Course|p1a: Incineroar\n|-supereffective|p1a: Incineroar\n|-damage|p1a: Incineroar|0 fnt\n|faint|p1a: Incineroar\n|\n|-weather|SunnyDay|[upkeep]\n|upkeep\n|\n|t:|1776458801\n|switch|p1a: Sableye|Sableye, L50, F|100/100\n|turn|3\n|\n|t:|1776458825\n|-terastallize|p1b: Zacian|Ground\n|move|p1a: Sableye|Rain Dance|p1a: Sableye\n|-weather|RainDance\n|move|p2b: Chi-Yu|Heat Wave|p1a: Sableye|[spread] p1a,p1b\n|-damage|p1a: Sableye|60/100\n|-damage|p1b: Zacian|79/100\n|move|p1b: Zacian|Tera Blast|p2b: Chi-Yu|[anim] Tera Blast Ground\n|-supereffective|p2b: Chi-Yu\n|-damage|p2b: Chi-Yu|0 fnt\n|faint|p2b: Chi-Yu\n|move|p2a: Koraidon|Collision Course|p1b: Zacian\n|-damage|p1b: Zacian|45/100\n|\n|-weather|RainDance|[upkeep]\n|upkeep\n|\n|t:|1776458831\n|switch|p2b: Calyrex|Calyrex-Shadow, L50|100/100\n|-ability|p2b: Calyrex|As One\n|-ability|p2b: Calyrex|Unnerve\n|turn|4\n|\n|t:|1776458845\n|switch|p2a: Weezing|Weezing-Galar, L50, M|100/100\n|-ability|p2a: Weezing|Neutralizing Gas\n|move|p2b: Calyrex|Astral Barrage|p1b: Zacian|[spread] p1a,p1b\n|-damage|p1a: Sableye|0 fnt\n|-damage|p1b: Zacian|0 fnt\n|faint|p1a: Sableye\n|faint|p1b: Zacian\n|-ability|p2b: Calyrex|Grim Neigh|boost\n|-boost|p2b: Calyrex|spa|2\n|\n|-weather|RainDance|[upkeep]\n|upkeep\n|-message|wasaad5 forfeited.\n|\n|win|nekines\n|raw|wasaad5's rating: 1256 &rarr; <strong>1241</strong><br />(-15 for losing)\n|raw|nekines's rating: 1410 &rarr; <strong>1422</strong><br />(+12 for winning)\n|l|\u2606wasaad5\n|player|p1|\n","uploadtime":1776459057,"views":9,"formatid":"gen9vgc2026regi","rating":1241,"private":0,"password":null}