{"id":"gen9vgc2026regi-2544426581","format":"[Gen 9] VGC 2026 Reg I","players":["j0l0k0","cdogp3"],"log":"|j|\u2606j0l0k0\n|j|\u2606cdogp3\n|t:|1771705542\n|gametype|doubles\n|player|p1|j0l0k0|brycen|1469\n|player|p2|cdogp3|hoopster|1618\n|gen|9\n|tier|[Gen 9] VGC 2026 Reg I\n|rated|\n|rule|Species Clause: Limit one of each Pok\u00e9mon\n|rule|Item Clause: Limit 1 of each item\n|clearpoke\n|poke|p1|Calyrex-Ice, L50|\n|poke|p1|Kyogre, L50|\n|poke|p1|Indeedee-F, L50, F|\n|poke|p1|Urshifu-*, L50, F|\n|poke|p1|Amoonguss, L50, F|\n|poke|p1|Landorus, L50, M|\n|poke|p2|Koraidon, L50|\n|poke|p2|Calyrex-Shadow, L50|\n|poke|p2|Flutter Mane, L50|\n|poke|p2|Incineroar, L50, F|\n|poke|p2|Clefairy, L50, F|\n|poke|p2|Rillaboom, L50, F|\n|teampreview|4\n|inactive|Battle timer is ON: inactive players will automatically lose when time's up. (requested by cdogp3)\n|inactive|j0l0k0 also wants the timer to be on.\n|\n|t:|1771705560\n|teamsize|p1|4\n|teamsize|p2|4\n|start\n|switch|p1a: Indeedee|Indeedee-F, L50, F, shiny|100/100\n|switch|p1b: Calyrex|Calyrex-Ice, L50|100/100\n|switch|p2a: Calyrex|Calyrex-Shadow, L50|100/100\n|switch|p2b: Clefairy|Clefairy, L50, F|100/100\n|-ability|p2a: Calyrex|As One\n|-ability|p2a: Calyrex|Unnerve\n|-ability|p1b: Calyrex|As One\n|-ability|p1b: Calyrex|Unnerve\n|-fieldstart|move: Psychic Terrain|[from] ability: Psychic Surge|[of] p1a: Indeedee\n|turn|1\n|\n|t:|1771705573\n|switch|p2b: Rillaboom|Rillaboom, L50, F|100/100\n|-fieldstart|move: Grassy Terrain|[from] ability: Grassy Surge|[of] p2b: Rillaboom\n|-terastallize|p1b: Calyrex|Normal\n|move|p2a: Calyrex|Astral Barrage|p1b: Calyrex|[spread] \n|-immune|p1a: Indeedee\n|-immune|p1b: Calyrex\n|move|p1b: Calyrex|Glacial Lance|p2b: Rillaboom|[spread] p2a,p2b\n|-supereffective|p2b: Rillaboom\n|-damage|p2a: Calyrex|27/100\n|-damage|p2b: Rillaboom|0 fnt\n|faint|p2b: Rillaboom\n|-ability|p1b: Calyrex|Chilling Neigh|boost\n|-boost|p1b: Calyrex|atk|1\n|move|p1a: Indeedee|Trick Room|p1a: Indeedee\n|-fieldstart|move: Trick Room|[of] p1a: Indeedee\n|\n|-heal|p2a: Calyrex|33/100|[from] Grassy Terrain\n|upkeep\n|\n|t:|1771705576\n|switch|p2b: Koraidon|Koraidon, L50|100/100\n|-weather|SunnyDay|[from] ability: Orichalcum Pulse|[of] p2b: Koraidon\n|-activate|p2b: Koraidon|Orichalcum Pulse|[source]\n|turn|2\n|\n|t:|1771705590\n|switch|p2a: Clefairy|Clefairy, L50, F|100/100\n|-terastallize|p2b: Koraidon|Fire\n|move|p1a: Indeedee|Follow Me|p1a: Indeedee\n|-singleturn|p1a: Indeedee|move: Follow Me\n|move|p1b: Calyrex|Glacial Lance|p2b: Koraidon|[spread] p2a,p2b\n|-resisted|p2b: Koraidon\n|-damage|p2a: Clefairy|27/100\n|-damage|p2b: Koraidon|73/100\n|move|p2b: Koraidon|Low Kick|p1a: Indeedee\n|-damage|p1a: Indeedee|51/100\n|\n|-weather|SunnyDay|[upkeep]\n|-heal|p2a: Clefairy|33/100|[from] Grassy Terrain\n|-heal|p1a: Indeedee|58/100|[from] Grassy Terrain\n|-heal|p2b: Koraidon|79/100|[from] Grassy Terrain\n|upkeep\n|turn|3\n|-message|cdogp3 forfeited.\n|\n|win|j0l0k0\n|raw|j0l0k0's rating: 1469 &rarr; <strong>1497</strong><br />(+28 for winning)\n|raw|cdogp3's rating: 1618 &rarr; <strong>1590</strong><br />(-28 for losing)\n|l|\u2606cdogp3\n|player|p2|\n|c|\u2606j0l0k0|ggwp\n|l|\u2606j0l0k0\n|player|p1|\n","uploadtime":1771705872,"views":18,"formatid":"gen9vgc2026regi","rating":1497,"private":0,"password":null}