{"id":"gen9vgc2026regi-2537450174","format":"[Gen 9] VGC 2026 Reg I","players":["renan.tony","VJ2511"],"log":"|j|\u2606renan.tony\n|j|\u2606VJ2511\n|t:|1770816549\n|gametype|doubles\n|player|p1|renan.tony|lance|1365\n|player|p2|VJ2511|red-masters3|1480\n|gen|9\n|tier|[Gen 9] VGC 2026 Reg I\n|rated|\n|rule|Species Clause: Limit one of each Pok\u00e9mon\n|rule|Item Clause: Limit 1 of each item\n|clearpoke\n|poke|p1|Whimsicott, L50, F|\n|poke|p1|Miraidon, L50|\n|poke|p1|Ho-Oh, L50|\n|poke|p1|Incineroar, L50, F|\n|poke|p1|Farigiraf, L50, F|\n|poke|p1|Dragonite, L50, F|\n|poke|p2|Calyrex-Shadow, L50|\n|poke|p2|Zamazenta-*, L50|\n|poke|p2|Chien-Pao, L50|\n|poke|p2|Dragonite, L50, F|\n|poke|p2|Raging Bolt, L50|\n|poke|p2|Amoonguss, L50, F|\n|teampreview|4\n|inactive|Battle timer is ON: inactive players will automatically lose when time's up. (requested by VJ2511)\n|\n|t:|1770816570\n|teamsize|p1|4\n|teamsize|p2|4\n|start\n|switch|p1a: Whimsicott|Whimsicott, L50, F|100/100\n|switch|p1b: Miraidon|Miraidon, L50|100/100\n|switch|p2a: Raging Bolt|Raging Bolt, L50|100/100\n|switch|p2b: Chien-Pao|Chien-Pao, L50|100/100\n|-ability|p2b: Chien-Pao|Sword of Ruin\n|-fieldstart|move: Electric Terrain|[from] ability: Hadron Engine|[of] p1b: Miraidon\n|-enditem|p2a: Raging Bolt|Booster Energy\n|-activate|p2a: Raging Bolt|ability: Protosynthesis|[fromitem]\n|-start|p2a: Raging Bolt|protosynthesisspa\n|turn|1\n|\n|t:|1770816587\n|switch|p1a: Farigiraf|Farigiraf, L50, F|100/100\n|-terastallize|p1b: Miraidon|Electric\n|-terastallize|p2a: Raging Bolt|Electric\n|move|p1b: Miraidon|Parabolic Charge|p2a: Raging Bolt|[spread] p1a,p2a,p2b\n|-crit|p1a: Farigiraf\n|-resisted|p2a: Raging Bolt\n|-damage|p1a: Farigiraf|6/100\n|-damage|p2a: Raging Bolt|70/100\n|-damage|p2b: Chien-Pao|35/100\n|move|p2b: Chien-Pao|Ice Spinner|p1a: Farigiraf\n|-damage|p1a: Farigiraf|0 fnt\n|-fieldend|move: Electric Terrain\n|faint|p1a: Farigiraf\n|move|p2a: Raging Bolt|Dragon Pulse|p1b: Miraidon\n|-crit|p1b: Miraidon\n|-damage|p1b: Miraidon|18/100\n|\n|upkeep\n|\n|t:|1770816601\n|switch|p1a: Ho-Oh|Ho-Oh, L50|100/100\n|turn|2\n|\n|t:|1770816610\n|switch|p1b: Whimsicott|Whimsicott, L50, F|100/100\n|move|p2b: Chien-Pao|Sucker Punch||[still]\n|-fail|p2b: Chien-Pao\n|move|p1a: Ho-Oh|Earthquake|p2a: Raging Bolt|[spread] p1b,p2a,p2b\n|-resisted|p1b: Whimsicott\n|-supereffective|p2a: Raging Bolt\n|-damage|p1b: Whimsicott|77/100\n|-damage|p2a: Raging Bolt|2/100\n|-damage|p2b: Chien-Pao|0 fnt\n|faint|p2b: Chien-Pao\n|-damage|p1a: Ho-Oh|91/100|[from] item: Life Orb\n|move|p2a: Raging Bolt|Thunderbolt|p1a: Ho-Oh\n|-supereffective|p1a: Ho-Oh\n|-damage|p1a: Ho-Oh|0 fnt\n|faint|p1a: Ho-Oh\n|\n|upkeep\n|\n|t:|1770816624\n|switch|p2b: Dragonite|Dragonite, L50, F, shiny|100/100\n|switch|p1a: Miraidon|Miraidon, L50, tera:Electric|18/100\n|-fieldstart|move: Electric Terrain|[from] ability: Hadron Engine|[of] p1a: Miraidon\n|turn|3\n|c|\u2606VJ2511|what in the actual frittata is ur team bru\n|\n|t:|1770816634\n|move|p1a: Miraidon|Protect|p1a: Miraidon\n|-singleturn|p1a: Miraidon|Protect\n|move|p2b: Dragonite|Extreme Speed|p1a: Miraidon\n|-activate|p1a: Miraidon|move: Protect\n|move|p1b: Whimsicott|Moonblast|p2a: Raging Bolt\n|-damage|p2a: Raging Bolt|0 fnt\n|faint|p2a: Raging Bolt\n|-end|p2a: Raging Bolt|Protosynthesis|[silent]\n|\n|upkeep\n|\n|t:|1770816641\n|switch|p2a: Calyrex|Calyrex-Shadow, L50|100/100\n|-ability|p2a: Calyrex|As One\n|-ability|p2a: Calyrex|Unnerve\n|turn|4\n|\n|t:|1770816649\n|move|p2b: Dragonite|Extreme Speed|p1a: Miraidon\n|-damage|p1a: Miraidon|0 fnt\n|faint|p1a: Miraidon\n|move|p1b: Whimsicott|Tailwind|p1b: Whimsicott\n|-sidestart|p1: renan.tony|move: Tailwind\n|move|p2a: Calyrex|Astral Barrage|p1b: Whimsicott\n|-damage|p1b: Whimsicott|0 fnt\n|faint|p1b: Whimsicott\n|\n|win|VJ2511\n|raw|renan.tony's rating: 1365 &rarr; <strong>1351</strong><br />(-14 for losing)\n|raw|VJ2511's rating: 1480 &rarr; <strong>1494</strong><br />(+14 for winning)\n|l|\u2606renan.tony\n|player|p1|\n|l|\u2606VJ2511\n|player|p2|\n","uploadtime":1770816841,"views":12,"formatid":"gen9vgc2026regi","rating":1351,"private":0,"password":null}