{"id":"gen9vgc2026regi-2570063691","format":"[Gen 9] VGC 2026 Reg I","players":["elcareverga","blackred123"],"log":"|j|\u2606elcareverga\n|j|\u2606blackred123\n|t:|1774763822\n|gametype|doubles\n|player|p1|elcareverga|169|1417\n|player|p2|blackred123|iono-masters|1525\n|gen|9\n|tier|[Gen 9] VGC 2026 Reg I\n|rated|\n|rule|Species Clause: Limit one of each Pok\u00e9mon\n|rule|Item Clause: Limit 1 of each item\n|clearpoke\n|poke|p1|Kyogre, L50|\n|poke|p1|Calyrex-Shadow, L50|\n|poke|p1|Urshifu-*, L50, F|\n|poke|p1|Roaring Moon, L50|\n|poke|p1|Rillaboom, L50, F|\n|poke|p1|Incineroar, L50, F|\n|poke|p2|Kyogre, L50|\n|poke|p2|Zamazenta-*, L50|\n|poke|p2|Chien-Pao, L50|\n|poke|p2|Amoonguss, L50, F|\n|poke|p2|Dragonite, L50, M|\n|poke|p2|Rillaboom, L50, M|\n|teampreview|4\n|inactive|Battle timer is ON: inactive players will automatically lose when time's up. (requested by blackred123)\n|\n|t:|1774763847\n|teamsize|p1|4\n|teamsize|p2|4\n|start\n|switch|p1a: Calyrex|Calyrex-Shadow, L50|100/100\n|switch|p1b: Urshifu|Urshifu-Rapid-Strike, L50, F|100/100\n|switch|p2a: Zamazenta|Zamazenta-Crowned, L50|100/100\n|switch|p2b: Chien-Pao|Chien-Pao, L50|100/100\n|-ability|p1a: Calyrex|As One\n|-ability|p1a: Calyrex|Unnerve\n|-ability|p2b: Chien-Pao|Sword of Ruin\n|-ability|p2a: Zamazenta|Dauntless Shield|boost\n|-boost|p2a: Zamazenta|def|1\n|turn|1\n|\n|t:|1774763866\n|move|p1b: Urshifu|Surging Strikes|p2b: Chien-Pao\n|-crit|p2b: Chien-Pao\n|-damage|p2b: Chien-Pao|73/100\n|-crit|p2b: Chien-Pao\n|-damage|p2b: Chien-Pao|45/100\n|-crit|p2b: Chien-Pao\n|-damage|p2b: Chien-Pao|14/100\n|-hitcount|p2b: Chien-Pao|3\n|move|p1a: Calyrex|Astral Barrage|p2a: Zamazenta|[spread] p2a,p2b\n|-resisted|p2b: Chien-Pao\n|-damage|p2a: Zamazenta|57/100\n|-damage|p2b: Chien-Pao|0 fnt\n|faint|p2b: Chien-Pao\n|-ability|p1a: Calyrex|Grim Neigh|boost\n|-boost|p1a: Calyrex|spa|1\n|move|p2a: Zamazenta|Body Press|p1b: Urshifu\n|-damage|p1b: Urshifu|32/100\n|\n|upkeep\n|\n|t:|1774763877\n|switch|p2b: Kyogre|Kyogre, L50|100/100\n|-weather|RainDance|[from] ability: Drizzle|[of] p2b: Kyogre\n|turn|2\n|\n|t:|1774763884\n|move|p2a: Zamazenta|Wide Guard|p2a: Zamazenta\n|-singleturn|p2a: Zamazenta|Wide Guard\n|move|p2b: Kyogre|Water Spout|p1b: Urshifu|[spread] p1a,p1b\n|-resisted|p1b: Urshifu\n|-damage|p1a: Calyrex|9/100\n|-damage|p1b: Urshifu|0 fnt\n|faint|p1b: Urshifu\n|move|p1a: Calyrex|Astral Barrage|p2a: Zamazenta|[spread] \n|-activate|p2a: Zamazenta|move: Wide Guard\n|-activate|p2b: Kyogre|move: Wide Guard\n|\n|-weather|RainDance|[upkeep]\n|upkeep\n|\n|t:|1774763898\n|switch|p1b: Kyogre|Kyogre, L50|100/100\n|turn|3\n|\n|t:|1774763904\n|move|p1a: Calyrex|Protect|p1a: Calyrex\n|-singleturn|p1a: Calyrex|Protect\n|move|p2b: Kyogre|Water Spout|p1b: Kyogre|[spread] p1b\n|-activate|p1a: Calyrex|move: Protect\n|-resisted|p1b: Kyogre\n|-damage|p1b: Kyogre|63/100\n|move|p2a: Zamazenta|Body Press|p1b: Kyogre\n|-damage|p1b: Kyogre|0 fnt\n|faint|p1b: Kyogre\n|\n|-weather|RainDance|[upkeep]\n|upkeep\n|l|\u2606elcareverga\n|inactive|elcareverga disconnected and has a minute to reconnect!\n|player|p1|\n|inactive|elcareverga has 30 seconds left.\n|inactive|elcareverga has 20 seconds left.\n|inactive|elcareverga has 15 seconds left.\n|inactive|elcareverga has 10 seconds left.\n|inactive|elcareverga has 5 seconds left.\n|-message|elcareverga lost due to inactivity.\n|\n|win|blackred123\n|raw|elcareverga's rating: 1417 &rarr; <strong>1403</strong><br />(-14 for losing)\n|raw|blackred123's rating: 1525 &rarr; <strong>1539</strong><br />(+14 for winning)\n","uploadtime":1774764107,"views":12,"formatid":"gen9vgc2026regi","rating":1403,"private":0,"password":null}