{"id":"gen9vgc2026regi-2551204277","format":"[Gen 9] VGC 2026 Reg I","players":["it'sjustken vgc","Pokemonst3r"],"log":"|j|\u2606it'sjustken vgc\n|j|\u2606Pokemonst3r\n|t:|1772574114\n|gametype|doubles\n|player|p1|it'sjustken vgc|169|1448\n|player|p2|Pokemonst3r|169|1523\n|gen|9\n|tier|[Gen 9] VGC 2026 Reg I\n|rated|\n|rule|Species Clause: Limit one of each Pok\u00e9mon\n|rule|Item Clause: Limit 1 of each item\n|clearpoke\n|poke|p1|Urshifu-*, L50, M|\n|poke|p1|Incineroar, L50, M|\n|poke|p1|Farigiraf, L50, M|\n|poke|p1|Whimsicott, L50, F|\n|poke|p1|Miraidon, L50|\n|poke|p1|Calyrex-Ice, L50|\n|poke|p2|Chien-Pao, L50|\n|poke|p2|Calyrex-Shadow, L50|\n|poke|p2|Dondozo, L50, F|\n|poke|p2|Zamazenta-*, L50|\n|poke|p2|Dragonite, L50, F|\n|poke|p2|Tatsugiri, L50, M|\n|teampreview|4\n|inactive|Battle timer is ON: inactive players will automatically lose when time's up. (requested by Pokemonst3r)\n|inactive|it'sjustken vgc also wants the timer to be on.\n|inactive|Pokemonst3r has 60 seconds left.\n|inactive|Pokemonst3r has 30 seconds left.\n|\n|t:|1772574175\n|teamsize|p1|4\n|teamsize|p2|4\n|start\n|switch|p1a: Whimsicott|Whimsicott, L50, F|100/100\n|switch|p1b: Miraidon|Miraidon, L50|100/100\n|switch|p2a: Chien-Pao|Chien-Pao, L50|100/100\n|switch|p2b: Zamazenta|Zamazenta-Crowned, L50|100/100\n|-ability|p2a: Chien-Pao|Sword of Ruin\n|-fieldstart|move: Electric Terrain|[from] ability: Hadron Engine|[of] p1b: Miraidon\n|-ability|p2b: Zamazenta|Dauntless Shield|boost\n|-boost|p2b: Zamazenta|def|1\n|turn|1\n|inactive|it'sjustken vgc has 30 seconds left.\n|inactive|Pokemonst3r has 30 seconds left.\n|inactive|it'sjustken vgc has 20 seconds left.\n|inactive|it'sjustken vgc has 15 seconds left.\n|\n|t:|1772574217\n|-terastallize|p1b: Miraidon|Electric\n|move|p1a: Whimsicott|Tailwind|p1a: Whimsicott\n|-sidestart|p1: it'sjustken vgc|move: Tailwind\n|move|p1b: Miraidon|Volt Switch|p2b: Zamazenta\n|-damage|p2b: Zamazenta|0 fnt\n|faint|p2b: Zamazenta\n|\n|t:|1772574220\n|switch|p1b: Farigiraf|Farigiraf, L50, M|100/100|[from] Volt Switch\n|move|p2a: Chien-Pao|Ice Spinner|p1b: Farigiraf\n|-damage|p1b: Farigiraf|44/100\n|-fieldend|move: Electric Terrain\n|\n|upkeep\n|\n|t:|1772574235\n|switch|p2b: Calyrex|Calyrex-Shadow, L50|100/100\n|-ability|p2b: Calyrex|As One\n|-ability|p2b: Calyrex|Unnerve\n|turn|2\n|inactive|it'sjustken vgc has 30 seconds left.\n|\n|t:|1772574264\n|move|p2b: Calyrex|Astral Barrage|p1a: Whimsicott|[spread] p1a\n|-immune|p1b: Farigiraf\n|-damage|p1a: Whimsicott|29/100\n|move|p1a: Whimsicott|Moonblast|p2a: Chien-Pao\n|-supereffective|p2a: Chien-Pao\n|-crit|p2a: Chien-Pao\n|-enditem|p2a: Chien-Pao|Focus Sash\n|-damage|p2a: Chien-Pao|1/100\n|move|p1b: Farigiraf|Hyper Voice|p2b: Calyrex|[spread] p2a\n|-immune|p2b: Calyrex\n|-damage|p2a: Chien-Pao|0 fnt\n|faint|p2a: Chien-Pao\n|-enditem|p1b: Farigiraf|Throat Spray\n|-boost|p1b: Farigiraf|spa|1|[from] item: Throat Spray\n|\n|upkeep\n|\n|t:|1772574279\n|switch|p2a: Dragonite|Dragonite, L50, F|100/100\n|turn|3\n|\n|t:|1772574290\n|move|p1a: Whimsicott|Fake Tears|p2a: Dragonite\n|-unboost|p2a: Dragonite|spd|2\n|move|p2b: Calyrex|Astral Barrage|p1a: Whimsicott|[spread] p1a\n|-immune|p1b: Farigiraf\n|-damage|p1a: Whimsicott|0 fnt\n|faint|p1a: Whimsicott\n|-ability|p2b: Calyrex|Grim Neigh|boost\n|-boost|p2b: Calyrex|spa|1\n|move|p1b: Farigiraf|Psychic|p2a: Dragonite\n|-damage|p2a: Dragonite|0 fnt\n|faint|p2a: Dragonite\n|\n|upkeep\n|-message|Pokemonst3r forfeited.\n|\n|win|it'sjustken vgc\n|raw|it&apos;sjustken vgc's rating: 1427 &rarr; <strong>1452</strong><br />(+25 for winning)\n|raw|Pokemonst3r's rating: 1523 &rarr; <strong>1498</strong><br />(-25 for losing)\n|l|\u2606Pokemonst3r\n|player|p2|\n|l|\u2606it'sjustken vgc\n|player|p1|\n","uploadtime":1772574315,"views":16,"formatid":"gen9vgc2026regi","rating":1452,"private":0,"password":null}