{"id":"gen9vgc2026regi-2564872530","format":"[Gen 9] VGC 2026 Reg I","players":["Jonen","Nemmy23"],"log":"|j|\u2606Jonen\n|j|\u2606Nemmy23\n|t:|1774205981\n|gametype|doubles\n|player|p1|Jonen|hiker-gen4|1311\n|player|p2|Nemmy23|pokemonbreeder|1246\n|gen|9\n|tier|[Gen 9] VGC 2026 Reg I\n|rated|\n|rule|Species Clause: Limit one of each Pok\u00e9mon\n|rule|Item Clause: Limit 1 of each item\n|clearpoke\n|poke|p1|Zacian-*, L50|\n|poke|p1|Kyogre, L50|\n|poke|p1|Iron Hands, L50|\n|poke|p1|Amoonguss, L50, M|\n|poke|p1|Whimsicott, L50, F|\n|poke|p1|Ditto, L50|\n|poke|p2|Kyogre, L50|\n|poke|p2|Zacian-*, L50|\n|poke|p2|Tornadus, L50, M|\n|poke|p2|Incineroar, L50, F|\n|poke|p2|Tsareena, L50, F|\n|poke|p2|Scream Tail, L50|\n|teampreview|4\n|inactive|Battle timer is ON: inactive players will automatically lose when time's up. (requested by Nemmy23)\n|inactive|Jonen has 60 seconds left.\n|\n|t:|1774206040\n|teamsize|p1|4\n|teamsize|p2|4\n|start\n|switch|p1a: Zacian|Zacian-Crowned, L50|100/100\n|switch|p1b: Amoonguss|Amoonguss, L50, M|100/100\n|switch|p2a: Zacian|Zacian-Crowned, L50|100/100\n|switch|p2b: Scream Tail|Scream Tail, L50|100/100\n|-ability|p1a: Zacian|Intrepid Sword|boost\n|-boost|p1a: Zacian|atk|1\n|-ability|p2a: Zacian|Intrepid Sword|boost\n|-boost|p2a: Zacian|atk|1\n|-enditem|p2b: Scream Tail|Booster Energy\n|-activate|p2b: Scream Tail|ability: Protosynthesis|[fromitem]\n|-start|p2b: Scream Tail|protosynthesisspe\n|turn|1\n|inactive|Jonen has 30 seconds left.\n|\n|t:|1774206071\n|move|p2b: Scream Tail|Howl|p2b: Scream Tail|[spread] p2a,p2b\n|-boost|p2a: Zacian|atk|1\n|-boost|p2b: Scream Tail|atk|1\n|move|p1a: Zacian|Behemoth Blade|p2b: Scream Tail\n|-supereffective|p2b: Scream Tail\n|-damage|p2b: Scream Tail|0 fnt\n|faint|p2b: Scream Tail\n|-end|p2b: Scream Tail|Protosynthesis|[silent]\n|move|p2a: Zacian|Behemoth Blade|p1b: Amoonguss\n|-damage|p1b: Amoonguss|6/100\n|-damage|p2a: Zacian|84/100|[from] item: Rocky Helmet|[of] p1b: Amoonguss\n|move|p1b: Amoonguss|Spore|p2a: Zacian\n|-status|p2a: Zacian|slp|[from] move: Spore\n|\n|upkeep\n|\n|t:|1774206083\n|switch|p2b: Kyogre|Kyogre, L50|100/100\n|-weather|RainDance|[from] ability: Drizzle|[of] p2b: Kyogre\n|turn|2\n|\n|t:|1774206090\n|switch|p1b: Kyogre|Kyogre, L50|100/100\n|-terastallize|p1a: Zacian|Fairy\n|cant|p2a: Zacian|slp\n|move|p1a: Zacian|Play Rough|p2b: Kyogre\n|-damage|p2b: Kyogre|14/100\n|move|p2b: Kyogre|Origin Pulse|p1a: Zacian|[spread] p1a,p1b\n|-resisted|p1b: Kyogre\n|-damage|p1a: Zacian|25/100\n|-damage|p1b: Kyogre|75/100\n|\n|-weather|RainDance|[upkeep]\n|upkeep\n|turn|3\n|\n|t:|1774206102\n|move|p1a: Zacian|Protect|p1a: Zacian\n|-singleturn|p1a: Zacian|Protect\n|move|p2b: Kyogre|Protect|p2b: Kyogre\n|-singleturn|p2b: Kyogre|Protect\n|cant|p2a: Zacian|slp\n|move|p1b: Kyogre|Origin Pulse|p2a: Zacian|[spread] p2a\n|-activate|p2b: Kyogre|move: Protect\n|-damage|p2a: Zacian|15/100 slp\n|\n|-weather|RainDance|[upkeep]\n|upkeep\n|turn|4\n|inactive|Jonen has 30 seconds left.\n|\n|t:|1774206130\n|move|p1a: Zacian|Behemoth Blade|p2a: Zacian\n|-damage|p2a: Zacian|0 fnt\n|faint|p2a: Zacian\n|move|p1b: Kyogre|Origin Pulse|p2b: Kyogre\n|-resisted|p2b: Kyogre\n|-damage|p2b: Kyogre|0 fnt\n|faint|p2b: Kyogre\n|\n|-weather|RainDance|[upkeep]\n|upkeep\n|-message|Nemmy23 forfeited.\n|\n|win|Jonen\n|raw|Jonen's rating: 1311 &rarr; <strong>1327</strong><br />(+16 for winning)\n|raw|Nemmy23's rating: 1246 &rarr; <strong>1226</strong><br />(-20 for losing)\n","uploadtime":1774206133,"views":10,"formatid":"gen9vgc2026regi","rating":1226,"private":0,"password":null}