{"id":"gen9vgc2026regi-2534611460","format":"[Gen 9] VGC 2026 Reg I","players":["yubanmeiqin","suc vat vk"],"log":"|j|\u2606yubanmeiqin\n|j|\u2606suc vat vk\n|t:|1770445711\n|gametype|doubles\n|player|p1|yubanmeiqin|iono-masters|1419\n|player|p2|suc vat vk|kimonogirl|1348\n|gen|9\n|tier|[Gen 9] VGC 2026 Reg I\n|rated|\n|rule|Species Clause: Limit one of each Pok\u00e9mon\n|rule|Item Clause: Limit 1 of each item\n|clearpoke\n|poke|p1|Calyrex-Shadow, L50|\n|poke|p1|Zamazenta-*, L50|\n|poke|p1|Rillaboom, L50, F|\n|poke|p1|Tornadus, L50, M|\n|poke|p1|Clefairy, L50, F|\n|poke|p1|Smeargle, L50, F|\n|poke|p2|Lugia, L50|\n|poke|p2|Smeargle, L50, F|\n|poke|p2|Zamazenta-*, L50|\n|poke|p2|Sinistcha-Masterpiece, L50|\n|poke|p2|Rillaboom, L50, F|\n|poke|p2|Incineroar, L50, M|\n|teampreview|4\n|inactive|Battle timer is ON: inactive players will automatically lose when time's up. (requested by suc vat vk)\n|\n|t:|1770445767\n|teamsize|p1|4\n|teamsize|p2|4\n|start\n|switch|p1a: Calyrex|Calyrex-Shadow, L50|100/100\n|switch|p1b: Tornadus|Tornadus, L50, M|100/100\n|switch|p2a: Smeargle|Smeargle, L50, F|100/100\n|switch|p2b: Lugia|Lugia, L50, shiny|100/100\n|-ability|p1a: Calyrex|As One\n|-ability|p1a: Calyrex|Unnerve\n|turn|1\n|inactive|yubanmeiqin has 30 seconds left.\n|inactive|yubanmeiqin has 20 seconds left.\n|\n|t:|1770445803\n|-terastallize|p2b: Lugia|Fairy\n|move|p1b: Tornadus|Taunt|p2a: Smeargle\n|-start|p2a: Smeargle|move: Taunt\n|move|p1a: Calyrex|Nasty Plot|p1a: Calyrex\n|-boost|p1a: Calyrex|spa|2\n|cant|p2a: Smeargle|move: Taunt|Spore\n|move|p2b: Lugia|Calm Mind|p2b: Lugia\n|-boost|p2b: Lugia|spa|1\n|-boost|p2b: Lugia|spd|1\n|\n|-ability|p2a: Smeargle|Moody|boost\n|-boost|p2a: Smeargle|def|2\n|-unboost|p2a: Smeargle|spa|1\n|upkeep\n|turn|2\n|\n|t:|1770445814\n|switch|p2a: Incineroar|Incineroar, L50, M, shiny|100/100\n|-ability|p2a: Incineroar|Intimidate|boost\n|-unboost|p1a: Calyrex|atk|1\n|-unboost|p1b: Tornadus|atk|1\n|move|p1b: Tornadus|Taunt|p2b: Lugia\n|-start|p2b: Lugia|move: Taunt\n|move|p1a: Calyrex|Astral Barrage|p2a: Incineroar|[spread] p2a,p2b\n|-resisted|p2a: Incineroar\n|-damage|p2a: Incineroar|43/100\n|-damage|p2b: Lugia|75/100\n|-damage|p1a: Calyrex|91/100|[from] item: Life Orb\n|cant|p2b: Lugia|move: Taunt|Calm Mind\n|\n|upkeep\n|turn|3\n|inactive|suc vat vk has 30 seconds left.\n|inactive|suc vat vk has 20 seconds left.\n|j| lunala fairy ghost\n|inactive|suc vat vk has 15 seconds left.\n|inactive|suc vat vk has 10 seconds left.\n|inactive|suc vat vk has 5 seconds left.\n|\n|t:|1770445870\n|move|p2a: Incineroar|Fake Out|p1b: Tornadus\n|-damage|p1b: Tornadus|88/100\n|move|p1a: Calyrex|Astral Barrage|p2a: Incineroar|[spread] p2a,p2b\n|-resisted|p2a: Incineroar\n|-damage|p2a: Incineroar|0 fnt\n|-damage|p2b: Lugia|16/100\n|faint|p2a: Incineroar\n|-ability|p1a: Calyrex|Grim Neigh|boost\n|-boost|p1a: Calyrex|spa|1\n|-damage|p1a: Calyrex|81/100|[from] item: Life Orb\n|cant|p1b: Tornadus|flinch\n|move|p2b: Lugia|Earth Power|p1b: Tornadus\n|-immune|p1b: Tornadus\n|\n|upkeep\n|-message|suc vat vk forfeited.\n|\n|win|yubanmeiqin\n|raw|yubanmeiqin's rating: 1419 &rarr; <strong>1436</strong><br />(+17 for winning)\n|raw|suc vat vk's rating: 1367 &rarr; <strong>1350</strong><br />(-17 for losing)\n|l|\u2606suc vat vk\n|player|p2|\n","uploadtime":1770445884,"views":12,"formatid":"gen9vgc2026regi","rating":1350,"private":0,"password":null}