{"id":"gen9vgc2026regi-2539377701","format":"[Gen 9] VGC 2026 Reg I","players":["bmbrvr","Coreydfgh"],"log":"|j|\u2606bmbrvr\n|j|\u2606Coreydfgh\n|t:|1771046650\n|gametype|doubles\n|player|p1|bmbrvr|silver|1266\n|player|p2|Coreydfgh|170|1197\n|gen|9\n|tier|[Gen 9] VGC 2026 Reg I\n|rated|\n|rule|Species Clause: Limit one of each Pok\u00e9mon\n|rule|Item Clause: Limit 1 of each item\n|clearpoke\n|poke|p1|Koraidon, L50|\n|poke|p1|Necrozma-Dusk-Mane, L50|\n|poke|p1|Urshifu-*, L50, M|\n|poke|p1|Flutter Mane, L50|\n|poke|p1|Iron Moth, L50|\n|poke|p1|Whimsicott, L50, M|\n|poke|p2|Calyrex-Ice, L50|\n|poke|p2|Indeedee-F, L50, F|\n|poke|p2|Torkoal, L50, M|\n|poke|p2|Brute Bonnet, L50|\n|poke|p2|Lunala, L50|\n|poke|p2|Iron Hands, L50|\n|teampreview|4\n|inactive|Battle timer is ON: inactive players will automatically lose when time's up. (requested by bmbrvr)\n|\n|t:|1771046675\n|teamsize|p1|4\n|teamsize|p2|4\n|start\n|switch|p1a: Flutter Mane|Flutter Mane, L50, shiny|100/100\n|switch|p1b: Necrozma|Necrozma-Dusk-Mane, L50|100/100\n|switch|p2a: Calyrex|Calyrex-Ice, L50|100/100\n|switch|p2b: Brute Bonnet|Brute Bonnet, L50|100/100\n|-ability|p2a: Calyrex|As One\n|-ability|p2a: Calyrex|Unnerve\n|-enditem|p2b: Brute Bonnet|Booster Energy\n|-activate|p2b: Brute Bonnet|ability: Protosynthesis|[fromitem]\n|-start|p2b: Brute Bonnet|protosynthesisspd\n|turn|1\n|\n|t:|1771046693\n|-terastallize|p2b: Brute Bonnet|Fire\n|move|p2a: Calyrex|Protect|p2a: Calyrex\n|-singleturn|p2a: Calyrex|Protect\n|move|p1a: Flutter Mane|Imprison|p1a: Flutter Mane\n|-start|p1a: Flutter Mane|move: Imprison\n|move|p1b: Necrozma|Swords Dance|p1b: Necrozma\n|-boost|p1b: Necrozma|atk|2\n|move|p2b: Brute Bonnet|Spore|p1a: Flutter Mane\n|-status|p1a: Flutter Mane|slp|[from] move: Spore\n|\n|upkeep\n|turn|2\n|inactive|Coreydfgh has 30 seconds left.\n|\n|t:|1771046718\n|-end|p1a: Flutter Mane|Protosynthesis|[silent]\n|switch|p1a: Koraidon|Koraidon, L50, shiny|100/100\n|-weather|SunnyDay|[from] ability: Orichalcum Pulse|[of] p1a: Koraidon\n|-activate|p1a: Koraidon|Orichalcum Pulse|[source]\n|-terastallize|p1b: Necrozma|Rock\n|move|p2b: Brute Bonnet|Rage Powder|p2b: Brute Bonnet\n|-singleturn|p2b: Brute Bonnet|move: Rage Powder\n|move|p1b: Necrozma|Rock Slide|p2a: Calyrex|[spread] p2b\n|-miss|p1b: Necrozma|p2a: Calyrex\n|-supereffective|p2b: Brute Bonnet\n|-damage|p2b: Brute Bonnet|1/100\n|move|p2a: Calyrex|Glacial Lance|p1b: Necrozma|[spread] p1a,p1b\n|-supereffective|p1a: Koraidon\n|-damage|p1a: Koraidon|0 fnt\n|-damage|p1b: Necrozma|59/100\n|faint|p1a: Koraidon\n|-ability|p2a: Calyrex|Chilling Neigh|boost\n|-boost|p2a: Calyrex|atk|1\n|\n|-weather|SunnyDay|[upkeep]\n|upkeep\n|\n|t:|1771046734\n|switch|p1a: Urshifu|Urshifu, L50, M|100/100\n|turn|3\n|\n|t:|1771046749\n|move|p2b: Brute Bonnet|Rage Powder|p2b: Brute Bonnet\n|-singleturn|p2b: Brute Bonnet|move: Rage Powder\n|move|p1a: Urshifu|Wicked Blow|p2b: Brute Bonnet\n|-crit|p2b: Brute Bonnet\n|-damage|p2b: Brute Bonnet|0 fnt\n|faint|p2b: Brute Bonnet\n|-end|p2b: Brute Bonnet|Protosynthesis|[silent]\n|move|p1b: Necrozma|Morning Sun|p1b: Necrozma\n|-heal|p1b: Necrozma|100/100\n|move|p2a: Calyrex|Trick Room|p2a: Calyrex\n|-fieldstart|move: Trick Room|[of] p2a: Calyrex\n|\n|-weather|SunnyDay|[upkeep]\n|upkeep\n|\n|t:|1771046757\n|switch|p2b: Torkoal|Torkoal, L50, M|100/100\n|turn|4\n|\n|t:|1771046781\n|move|p1a: Urshifu|Sucker Punch|p2a: Calyrex\n|-supereffective|p2a: Calyrex\n|-damage|p2a: Calyrex|48/100\n|move|p2b: Torkoal|Weather Ball|p1a: Urshifu\n|-damage|p1a: Urshifu|30/100\n|move|p2a: Calyrex|High Horsepower|p1b: Necrozma\n|-supereffective|p1b: Necrozma\n|-damage|p1b: Necrozma|29/100\n|move|p1b: Necrozma|Rock Slide|p2a: Calyrex|[spread] p2a,p2b\n|-supereffective|p2a: Calyrex\n|-supereffective|p2b: Torkoal\n|-damage|p2a: Calyrex|0 fnt\n|-damage|p2b: Torkoal|0 fnt\n|faint|p2a: Calyrex\n|faint|p2b: Torkoal\n|\n|-weather|SunnyDay|[upkeep]\n|upkeep\n|-message|Coreydfgh forfeited.\n|\n|win|bmbrvr\n|raw|bmbrvr's rating: 1266 &rarr; <strong>1286</strong><br />(+20 for winning)\n|raw|Coreydfgh's rating: 1197 &rarr; <strong>1177</strong><br />(-20 for losing)\n|l|\u2606Coreydfgh\n|player|p2|\n|l|\u2606bmbrvr\n|player|p1|\n","uploadtime":1771046996,"views":20,"formatid":"gen9vgc2026regi","rating":1177,"private":0,"password":null}