{"id":"gen9vgc2026regi-2567702356","format":"[Gen 9] VGC 2026 Reg I","players":["terafireflareblitz","korean noob"],"log":"|j|\u2606terafireflareblitz\n|j|\u2606korean noob\n|t:|1774506645\n|gametype|doubles\n|player|p1|terafireflareblitz|sycamore|1552\n|player|p2|korean noob|102|1523\n|gen|9\n|tier|[Gen 9] VGC 2026 Reg I\n|rated|\n|rule|Species Clause: Limit one of each Pok\u00e9mon\n|rule|Item Clause: Limit 1 of each item\n|clearpoke\n|poke|p1|Koraidon, L50|\n|poke|p1|Lunala, L50|\n|poke|p1|Indeedee-F, L50, F|\n|poke|p1|Flutter Mane, L50|\n|poke|p1|Volcarona, L50, F|\n|poke|p1|Ursaluna, L50, F|\n|poke|p2|Calyrex-Shadow, L50|\n|poke|p2|Smeargle, L50, F|\n|poke|p2|Muk-Alola, L50, F|\n|poke|p2|Flamigo, L50, M|\n|poke|p2|Carbink, L50|\n|poke|p2|Kyogre, L50|\n|teampreview|4\n|inactive|Battle timer is ON: inactive players will automatically lose when time's up. (requested by terafireflareblitz)\n|inactive|korean noob also wants the timer to be on.\n|\n|t:|1774506666\n|teamsize|p1|4\n|teamsize|p2|4\n|start\n|switch|p1a: Indeedee|Indeedee-F, L50, F|100/100\n|switch|p1b: Ursaluna|Ursaluna, L50, F|100/100\n|switch|p2a: Calyrex|Calyrex-Shadow, L50|100/100\n|switch|p2b: Smeargle|Smeargle, L50, F, shiny|100/100\n|-ability|p2a: Calyrex|As One\n|-ability|p2a: Calyrex|Unnerve\n|-fieldstart|move: Psychic Terrain|[from] ability: Psychic Surge|[of] p1a: Indeedee\n|turn|1\n|\n|t:|1774506678\n|move|p1b: Ursaluna|Protect|p1b: Ursaluna\n|-singleturn|p1b: Ursaluna|Protect\n|move|p2a: Calyrex|Protect|p2a: Calyrex\n|-singleturn|p2a: Calyrex|Protect\n|move|p2b: Smeargle|Spore|p1b: Ursaluna\n|-activate|p1b: Ursaluna|move: Protect\n|move|p1a: Indeedee|Trick Room|p1a: Indeedee\n|-fieldstart|move: Trick Room|[of] p1a: Indeedee\n|\n|-status|p1b: Ursaluna|brn|[from] item: Flame Orb\n|upkeep\n|turn|2\n|\n|t:|1774506693\n|-terastallize|p2a: Calyrex|Grass\n|move|p2a: Calyrex|Psychic|p1b: Ursaluna\n|-damage|p1b: Ursaluna|33/100 brn\n|move|p1b: Ursaluna|Facade|p2b: Smeargle\n|-damage|p2b: Smeargle|0 fnt\n|faint|p2b: Smeargle\n|move|p1a: Indeedee|Alluring Voice|p2a: Calyrex\n|-damage|p2a: Calyrex|82/100\n|\n|-damage|p1b: Ursaluna|28/100 brn|[from] brn\n|upkeep\n|\n|t:|1774506700\n|switch|p2b: Kyogre|Kyogre, L50, shiny|100/100\n|-weather|RainDance|[from] ability: Drizzle|[of] p2b: Kyogre\n|turn|3\n|\n|t:|1774506711\n|move|p1a: Indeedee|Follow Me|p1a: Indeedee\n|-singleturn|p1a: Indeedee|move: Follow Me\n|move|p2b: Kyogre|Water Spout|p1a: Indeedee|[spread] p1a,p1b\n|-supereffective|p1b: Ursaluna\n|-damage|p1a: Indeedee|2/100\n|-damage|p1b: Ursaluna|0 fnt\n|faint|p1b: Ursaluna\n|move|p2a: Calyrex|Psychic|p1a: Indeedee\n|-resisted|p1a: Indeedee\n|-damage|p1a: Indeedee|0 fnt\n|faint|p1a: Indeedee\n|-ability|p2a: Calyrex|Grim Neigh|boost\n|-boost|p2a: Calyrex|spa|1\n|\n|-weather|RainDance|[upkeep]\n|upkeep\n|-message|terafireflareblitz forfeited.\n|\n|win|korean noob\n|raw|terafireflareblitz's rating: 1552 &rarr; <strong>1530</strong><br />(-22 for losing)\n|raw|korean noob's rating: 1523 &rarr; <strong>1545</strong><br />(+22 for winning)\n|l|\u2606terafireflareblitz\n|player|p1|\n|l|\u2606korean noob\n|player|p2|\n","uploadtime":1774506727,"views":54,"formatid":"gen9vgc2026regi","rating":1530,"private":0,"password":null}