{"id":"gen9vgc2026regi-2581214995","format":"[Gen 9] VGC 2026 Reg I","players":["kyoshi4","campinas03drop"],"log":"|j|\u2606kyoshi4\n|j|\u2606campinas03drop\n|t:|1775971751\n|gametype|doubles\n|player|p1|kyoshi4|cynthia-gen4|1520\n|player|p2|campinas03drop|giovanni|1434\n|gen|9\n|tier|[Gen 9] VGC 2026 Reg I\n|rated|\n|rule|Species Clause: Limit one of each Pok\u00e9mon\n|rule|Item Clause: Limit 1 of each item\n|clearpoke\n|poke|p1|Kyogre, L50|\n|poke|p1|Iron Jugulis, L50|\n|poke|p1|Zamazenta-*, L50|\n|poke|p1|Chien-Pao, L50|\n|poke|p1|Landorus, L50, M|\n|poke|p1|Amoonguss, L50, M|\n|poke|p2|Incineroar, L50, F|\n|poke|p2|Rillaboom, L50, F|\n|poke|p2|Landorus, L50, M|\n|poke|p2|Smeargle, L50, F|\n|poke|p2|Koraidon, L50|\n|poke|p2|Calyrex-Ice, L50|\n|teampreview|4\n|l|\u2606kyoshi4\n|player|p1|\n|inactive|Battle timer is ON: inactive players will automatically lose when time's up. (requested by campinas03drop)\n|j|\u2606kyoshi4\n|inactive|kyoshi4 reconnected and has 90 seconds left.\n|player|p1|kyoshi4|cynthia-gen4|\n|\n|t:|1775971785\n|teamsize|p1|4\n|teamsize|p2|4\n|start\n|switch|p1a: Zamazenta|Zamazenta-Crowned, L50|100/100\n|switch|p1b: Chien-Pao|Chien-Pao, L50|100/100\n|switch|p2a: Incineroar|Incineroar, L50, F|100/100\n|switch|p2b: Landorus|Landorus, L50, M|100/100\n|-ability|p1b: Chien-Pao|Sword of Ruin\n|-ability|p1a: Zamazenta|Dauntless Shield|boost\n|-boost|p1a: Zamazenta|def|1\n|-ability|p2a: Incineroar|Intimidate|boost\n|-unboost|p1a: Zamazenta|atk|1\n|-unboost|p1b: Chien-Pao|atk|1\n|turn|1\n|\n|t:|1775971802\n|move|p1b: Chien-Pao|Protect|p1b: Chien-Pao\n|-singleturn|p1b: Chien-Pao|Protect\n|move|p1a: Zamazenta|Protect|p1a: Zamazenta\n|-singleturn|p1a: Zamazenta|Protect\n|move|p2a: Incineroar|Fake Out|p1b: Chien-Pao\n|-activate|p1b: Chien-Pao|move: Protect\n|move|p2b: Landorus|Earth Power|p1a: Zamazenta\n|-activate|p1a: Zamazenta|move: Protect\n|\n|upkeep\n|turn|2\n|\n|t:|1775971819\n|-terastallize|p1a: Zamazenta|Grass\n|move|p1b: Chien-Pao|Ice Spinner|p2b: Landorus\n|-supereffective|p2b: Landorus\n|-damage|p2b: Landorus|0 fnt\n|faint|p2b: Landorus\n|move|p1a: Zamazenta|Body Press|p2a: Incineroar\n|-supereffective|p2a: Incineroar\n|-damage|p2a: Incineroar|0 fnt\n|faint|p2a: Incineroar\n|\n|upkeep\n|\n|t:|1775971828\n|switch|p2b: Rillaboom|Rillaboom, L50, F|100/100\n|switch|p2a: Koraidon|Koraidon, L50|100/100\n|-weather|SunnyDay|[from] ability: Orichalcum Pulse|[of] p2a: Koraidon\n|-activate|p2a: Koraidon|Orichalcum Pulse|[source]\n|-fieldstart|move: Grassy Terrain|[from] ability: Grassy Surge|[of] p2b: Rillaboom\n|turn|3\n|-message|campinas03drop forfeited.\n|\n|win|kyoshi4\n|raw|kyoshi4's rating: 1520 &rarr; <strong>1535</strong><br />(+15 for winning)\n|raw|campinas03drop's rating: 1434 &rarr; <strong>1419</strong><br />(-15 for losing)\n|l|\u2606campinas03drop\n|player|p2|\n","uploadtime":1775971838,"views":192,"formatid":"gen9vgc2026regi","rating":1419,"private":0,"password":null}