{"id":"gen9vgc2026regi-2538802577","format":"[Gen 9] VGC 2026 Reg I","players":["huanyu0.0","choxx"],"log":"|j|\u2606huanyu0.0\n|j|\u2606choxx\n|t:|1770977344\n|gametype|doubles\n|player|p1|huanyu0.0|170|1312\n|player|p2|choxx|1|1334\n|gen|9\n|tier|[Gen 9] VGC 2026 Reg I\n|rated|\n|rule|Species Clause: Limit one of each Pok\u00e9mon\n|rule|Item Clause: Limit 1 of each item\n|clearpoke\n|poke|p1|Calyrex-Shadow, L50|\n|poke|p1|Zamazenta-*, L50|\n|poke|p1|Ogerpon-Hearthflame, L50, F|\n|poke|p1|Rillaboom, L50, F|\n|poke|p1|Raging Bolt, L50|\n|poke|p1|Incineroar, L50, M|\n|poke|p2|Calyrex-Ice, L50|\n|poke|p2|Indeedee-F, L50, F|\n|poke|p2|Ursaluna, L50, F|\n|poke|p2|Lunala, L50|\n|poke|p2|Torkoal, L50, M|\n|poke|p2|Urshifu-*, L50, F|\n|teampreview|4\n|inactive|Battle timer is ON: inactive players will automatically lose when time's up. (requested by huanyu0.0)\n|\n|t:|1770977407\n|teamsize|p1|4\n|teamsize|p2|4\n|start\n|switch|p1a: Ogerpon|Ogerpon-Hearthflame, L50, F|100/100\n|switch|p1b: Incineroar|Incineroar, L50, M|100/100\n|switch|p2a: Calyrex|Calyrex-Ice, L50|100/100\n|switch|p2b: Indeedee|Indeedee-F, L50, F|100/100\n|-ability|p2a: Calyrex|As One\n|-ability|p2a: Calyrex|Unnerve\n|-ability|p1a: Ogerpon|Mold Breaker\n|-fieldstart|move: Psychic Terrain|[from] ability: Psychic Surge|[of] p2b: Indeedee\n|-ability|p1b: Incineroar|Intimidate|boost\n|-fail|p2a: Calyrex|unboost|[from] item: Clear Amulet|[of] p2a: Calyrex\n|-unboost|p2b: Indeedee|atk|1\n|turn|1\n|\n|t:|1770977430\n|-terastallize|p1a: Ogerpon|Fire\n|detailschange|p1a: Ogerpon|Ogerpon-Hearthflame-Tera, L50, F, tera:Fire\n|-ability|p1a: Ogerpon|Embody Aspect (Hearthflame)|boost\n|-boost|p1a: Ogerpon|atk|1\n|-terastallize|p2a: Calyrex|Fire\n|move|p2b: Indeedee|Follow Me|p2b: Indeedee\n|-singleturn|p2b: Indeedee|move: Follow Me\n|move|p1a: Ogerpon|Ivy Cudgel|p2b: Indeedee|[anim] Ivy Cudgel Fire\n|-crit|p2b: Indeedee\n|-damage|p2b: Indeedee|0 fnt\n|faint|p2b: Indeedee\n|move|p1b: Incineroar|Taunt|p2a: Calyrex\n|-start|p2a: Calyrex|move: Taunt\n|cant|p2a: Calyrex|move: Taunt|Trick Room\n|\n|upkeep\n|\n|t:|1770977440\n|switch|p2b: Ursaluna|Ursaluna, L50, F|100/100\n|turn|2\n|inactive|huanyu0.0 has 30 seconds left.\n|\n|t:|1770977466\n|move|p2b: Ursaluna|Protect|p2b: Ursaluna\n|-singleturn|p2b: Ursaluna|Protect\n|move|p1a: Ogerpon|Ivy Cudgel|p2a: Calyrex|[anim] Ivy Cudgel Fire\n|-resisted|p2a: Calyrex\n|-damage|p2a: Calyrex|68/100\n|move|p1b: Incineroar|Knock Off|p2a: Calyrex\n|-damage|p2a: Calyrex|46/100\n|-enditem|p2a: Calyrex|Clear Amulet|[from] move: Knock Off|[of] p1b: Incineroar\n|move|p2a: Calyrex|High Horsepower|p1a: Ogerpon|[miss]\n|-miss|p2a: Calyrex|p1a: Ogerpon\n|\n|-status|p2b: Ursaluna|brn|[from] item: Flame Orb\n|upkeep\n|turn|3\n|inactive|huanyu0.0 has 30 seconds left.\n|\n|t:|1770977497\n|switch|p2a: Lunala|Lunala, L50|100/100\n|move|p1a: Ogerpon|Ivy Cudgel|p2b: Ursaluna|[anim] Ivy Cudgel Fire\n|-damage|p2b: Ursaluna|19/100 brn\n|move|p1b: Incineroar|Knock Off|p2b: Ursaluna\n|-damage|p2b: Ursaluna|0 fnt\n|-enditem|p2b: Ursaluna|Flame Orb|[from] move: Knock Off|[of] p1b: Incineroar\n|faint|p2b: Ursaluna\n|\n|upkeep\n|-message|choxx forfeited.\n|\n|win|huanyu0.0\n|raw|huanyu0.0's rating: 1312 &rarr; <strong>1333</strong><br />(+21 for winning)\n|raw|choxx's rating: 1334 &rarr; <strong>1313</strong><br />(-21 for losing)\n|l|\u2606choxx\n|player|p2|\n|l|\u2606huanyu0.0\n|player|p1|\n","uploadtime":1770977691,"views":26,"formatid":"gen9vgc2026regi","rating":1313,"private":0,"password":null}