{"id":"gen9vgc2026regi-2561666463","format":"[Gen 9] VGC 2026 Reg I","players":["Reniculous3248","JakeNBake3D"],"log":"|j|\u2606Reniculous3248\n|j|\u2606JakeNBake3D\n|t:|1773830149\n|gametype|doubles\n|player|p1|Reniculous3248|n-masters2|1171\n|player|p2|JakeNBake3D|101|1157\n|gen|9\n|tier|[Gen 9] VGC 2026 Reg I\n|rated|\n|rule|Species Clause: Limit one of each Pok\u00e9mon\n|rule|Item Clause: Limit 1 of each item\n|clearpoke\n|poke|p1|Breloom, L50, F|\n|poke|p1|Groudon, L50|\n|poke|p1|Lunala, L50|\n|poke|p1|Tornadus, L50, M|\n|poke|p1|Incineroar, L50, F|\n|poke|p1|Amoonguss, L50, F|\n|poke|p2|Calyrex-Ice, L50|\n|poke|p2|Miraidon, L50|\n|poke|p2|Amoonguss, L50, F|\n|poke|p2|Incineroar, L50, M|\n|poke|p2|Farigiraf, L50, F|\n|poke|p2|Iron Hands, L50|\n|teampreview|4\n|inactive|Battle timer is ON: inactive players will automatically lose when time's up. (requested by Reniculous3248)\n|inactive|Reniculous3248 has 60 seconds left.\n|inactive|JakeNBake3D has 60 seconds left.\n|\n|t:|1773830198\n|teamsize|p1|4\n|teamsize|p2|4\n|start\n|switch|p1a: Lunala|Lunala, L50|100/100\n|switch|p1b: Groudon|Groudon, L50|100/100\n|switch|p2a: Miraidon|Miraidon, L50|100/100\n|switch|p2b: Farigiraf|Farigiraf, L50, F|100/100\n|-fieldstart|move: Electric Terrain|[from] ability: Hadron Engine|[of] p2a: Miraidon\n|-enditem|p2b: Farigiraf|Electric Seed\n|-boost|p2b: Farigiraf|def|1|[from] item: Electric Seed\n|-weather|SunnyDay|[from] ability: Drought|[of] p1b: Groudon\n|turn|1\n|inactive|Reniculous3248 has 30 seconds left.\n|inactive|JakeNBake3D has 30 seconds left.\n|\n|t:|1773830231\n|move|p2a: Miraidon|Volt Switch|p1a: Lunala\n|-damage|p1a: Lunala|80/100\n|\n|t:|1773830238\n|switch|p2a: Incineroar|Incineroar, L50, M|100/100|[from] Volt Switch\n|-ability|p2a: Incineroar|Intimidate|boost\n|-unboost|p1a: Lunala|atk|1\n|-fail|p1b: Groudon|unboost|[from] item: Clear Amulet|[of] p1b: Groudon\n|move|p1b: Groudon|Precipice Blades|p2a: Incineroar|[spread] p2a,p2b\n|-supereffective|p2a: Incineroar\n|-damage|p2a: Incineroar|0 fnt\n|-damage|p2b: Farigiraf|67/100\n|faint|p2a: Incineroar\n|move|p1a: Lunala|Trick Room|p1a: Lunala\n|-fieldstart|move: Trick Room|[of] p1a: Lunala\n|move|p2b: Farigiraf|Trick Room|p2b: Farigiraf\n|-fieldend|move: Trick Room\n|\n|-weather|SunnyDay|[upkeep]\n|upkeep\n|\n|t:|1773830253\n|switch|p2a: Miraidon|Miraidon, L50|100/100\n|-activate|p2a: Miraidon|ability: Hadron Engine\n|turn|2\n|\n|t:|1773830272\n|-terastallize|p2a: Miraidon|Electric\n|move|p2b: Farigiraf|Helping Hand|p2a: Miraidon\n|-singleturn|p2a: Miraidon|Helping Hand|[of] p2b: Farigiraf\n|move|p1a: Lunala|Protect|p1a: Lunala\n|-singleturn|p1a: Lunala|Protect\n|move|p2a: Miraidon|Electro Drift|p1a: Lunala\n|-activate|p1a: Lunala|move: Protect\n|move|p1b: Groudon|Precipice Blades|p2b: Farigiraf|[spread] p2a,p2b\n|-supereffective|p2a: Miraidon\n|-damage|p2a: Miraidon|0 fnt\n|-damage|p2b: Farigiraf|34/100\n|faint|p2a: Miraidon\n|\n|-weather|SunnyDay|[upkeep]\n|upkeep\n|-message|JakeNBake3D forfeited.\n|\n|win|Reniculous3248\n|raw|Reniculous3248's rating: 1171 &rarr; <strong>1195</strong><br />(+24 for winning)\n|raw|JakeNBake3D's rating: 1157 &rarr; <strong>1133</strong><br />(-24 for losing)\n|l|\u2606JakeNBake3D\n|player|p2|\n","uploadtime":1773830298,"views":10,"formatid":"gen9vgc2026regi","rating":1133,"private":0,"password":null}