{"id":"gen9vgc2026regi-2565436619","format":"[Gen 9] VGC 2026 Reg I","players":["Shagrathisbeast","AsexualBillClinton"],"log":"|j|\u2606Shagrathisbeast\n|j|\u2606AsexualBillClinton\n|t:|1774275264\n|gametype|doubles\n|player|p1|Shagrathisbeast|265|1429\n|player|p2|AsexualBillClinton|marlon|1351\n|gen|9\n|tier|[Gen 9] VGC 2026 Reg I\n|rated|\n|rule|Species Clause: Limit one of each Pok\u00e9mon\n|rule|Item Clause: Limit 1 of each item\n|clearpoke\n|poke|p1|Zacian-*, L50|\n|poke|p1|Tornadus, L50, M|\n|poke|p1|Urshifu-*, L50, M|\n|poke|p1|Iron Valiant, L50|\n|poke|p1|Brute Bonnet, L50|\n|poke|p1|Miraidon, L50|\n|poke|p2|Dialga-Origin, L50|\n|poke|p2|Ho-Oh, L50|\n|poke|p2|Ursaluna, L50, F|\n|poke|p2|Iron Hands, L50|\n|poke|p2|Ogerpon-Wellspring, L50, F|\n|poke|p2|Iron Valiant, L50|\n|teampreview|4\n|\n|t:|1774275316\n|teamsize|p1|4\n|teamsize|p2|4\n|start\n|switch|p1a: Urshifu|Urshifu-Rapid-Strike, L50, M|100/100\n|switch|p1b: Miraidon|Miraidon, L50|100/100\n|switch|p2a: Dialga|Dialga-Origin, L50|100/100\n|switch|p2b: Ogerpon|Ogerpon-Wellspring, L50, F|100/100\n|-fieldstart|move: Electric Terrain|[from] ability: Hadron Engine|[of] p1b: Miraidon\n|turn|1\n|\n|t:|1774275335\n|move|p2b: Ogerpon|Follow Me|p2b: Ogerpon\n|-singleturn|p2b: Ogerpon|move: Follow Me\n|move|p1b: Miraidon|Electro Drift|p2b: Ogerpon\n|-damage|p2b: Ogerpon|0 fnt\n|faint|p2b: Ogerpon\n|move|p1a: Urshifu|Taunt|p2a: Dialga\n|-start|p2a: Dialga|move: Taunt\n|move|p2a: Dialga|Draco Meteor|p1b: Miraidon|[miss]\n|-miss|p2a: Dialga|p1b: Miraidon\n|\n|upkeep\n|-message|AsexualBillClinton forfeited.\n|\n|win|Shagrathisbeast\n|raw|Shagrathisbeast's rating: 1429 &rarr; <strong>1445</strong><br />(+16 for winning)\n|raw|AsexualBillClinton's rating: 1351 &rarr; <strong>1335</strong><br />(-16 for losing)\n|l|\u2606AsexualBillClinton\n|player|p2|\n|l|\u2606Shagrathisbeast\n|player|p1|\n","uploadtime":1774275569,"views":12,"formatid":"gen9vgc2026regi","rating":1335,"private":0,"password":null}