{"id":"gen9vgc2026regi-2559453948","format":"[Gen 9] VGC 2026 Reg I","players":["Mildly Displeased","navinsachump"],"log":"|j|\u2606Mildly Displeased\n|j|\u2606navinsachump\n|t:|1773570350\n|gametype|doubles\n|player|p1|Mildly Displeased|169|1426\n|player|p2|navinsachump|2|1539\n|gen|9\n|tier|[Gen 9] VGC 2026 Reg I\n|rated|\n|rule|Species Clause: Limit one of each Pok\u00e9mon\n|rule|Item Clause: Limit 1 of each item\n|clearpoke\n|poke|p1|Iron Treads, L50|\n|poke|p1|Primarina, L50, M|\n|poke|p1|Lunala, L50|\n|poke|p1|Tornadus, L50, M|\n|poke|p1|Zamazenta-*, L50|\n|poke|p1|Maushold-Four, L50|\n|poke|p2|Calyrex-Ice, L50|\n|poke|p2|Miraidon, L50|\n|poke|p2|Incineroar, L50, F|\n|poke|p2|Landorus, L50, M|\n|poke|p2|Whimsicott, L50, M|\n|poke|p2|Urshifu-*, L50, M|\n|teampreview|4\n|inactive|Battle timer is ON: inactive players will automatically lose when time's up. (requested by Mildly Displeased)\n|inactive|navinsachump has 60 seconds left.\nMildly Displeased rejected open team sheets.\n|l|\u2606Mildly Displeased\n|inactive|Mildly Displeased disconnected and has a minute to reconnect!\n|player|p1|\n|\n|t:|1773570397\n|teamsize|p1|4\n|teamsize|p2|4\n|start\n|switch|p1a: Blokeonacloud|Tornadus, L50, M|100/100\n|switch|p1b: Nebby|Lunala, L50|100/100\n|switch|p2a: Calyrex|Calyrex-Ice, L50|100/100\n|switch|p2b: Incineroar|Incineroar, L50, F|100/100\n|-ability|p2a: Calyrex|As One\n|-ability|p2a: Calyrex|Unnerve\n|-ability|p2b: Incineroar|Intimidate|boost\n|-unboost|p1a: Blokeonacloud|atk|1\n|-unboost|p1b: Nebby|atk|1\n|turn|1\n|j|\u2606Mildly Displeased\n|inactive|Mildly Displeased reconnected and has 55 seconds left.\n|player|p1|Mildly Displeased|169|\n|\n|t:|1773570416\n|-terastallize|p2a: Calyrex|Normal\n|move|p1a: Blokeonacloud|Taunt|p2a: Calyrex\n|-start|p2a: Calyrex|move: Taunt\n|move|p1b: Nebby|Meteor Beam||[still]\n|-prepare|p1b: Nebby|Meteor Beam\n|-boost|p1b: Nebby|spa|1\n|-enditem|p1b: Nebby|Power Herb\n|-anim|p1b: Nebby|Meteor Beam|p2b: Incineroar\n|-supereffective|p2b: Incineroar\n|-damage|p2b: Incineroar|0 fnt\n|faint|p2b: Incineroar\n|move|p2a: Calyrex|Glacial Lance|p1b: Nebby|[spread] p1a,p1b\n|-supereffective|p1a: Blokeonacloud\n|-damage|p1a: Blokeonacloud|0 fnt\n|-damage|p1b: Nebby|77/100\n|faint|p1a: Blokeonacloud\n|-ability|p2a: Calyrex|Chilling Neigh|boost\n|-boost|p2a: Calyrex|atk|1\n|\n|upkeep\n|\n|t:|1773570432\n|switch|p1a: Elmer|Iron Treads, L50|100/100\n|switch|p2b: Miraidon|Miraidon, L50|100/100\n|-fieldstart|move: Electric Terrain|[from] ability: Hadron Engine|[of] p2b: Miraidon\n|-activate|p1a: Elmer|ability: Quark Drive\n|-start|p1a: Elmer|quarkdrivespe\n|turn|2\n|\n|t:|1773570443\n|switch|p2b: Landorus|Landorus, L50, M|100/100\n|move|p1b: Nebby|Wide Guard|p1b: Nebby\n|-singleturn|p1b: Nebby|Wide Guard\n|move|p1a: Elmer|High Horsepower|p2b: Landorus\n|-immune|p2b: Landorus\n|move|p2a: Calyrex|Glacial Lance|p1a: Elmer|[spread] \n|-activate|p1a: Elmer|move: Wide Guard\n|-activate|p1b: Nebby|move: Wide Guard\n|\n|upkeep\n|turn|3\n|\n|t:|1773570457\n|-terastallize|p1b: Nebby|Fairy\n|move|p1a: Elmer|Ice Spinner|p2b: Landorus\n|-supereffective|p2b: Landorus\n|-damage|p2b: Landorus|0 fnt\n|-fieldend|move: Electric Terrain\n|-end|p1a: Elmer|Quark Drive\n|faint|p2b: Landorus\n|-damage|p1a: Elmer|91/100|[from] item: Life Orb\n|move|p1b: Nebby|Moonblast|p2a: Calyrex\n|-damage|p2a: Calyrex|51/100\n|move|p2a: Calyrex|Glacial Lance|p1a: Elmer|[spread] p1a,p1b\n|-damage|p1a: Elmer|16/100\n|-damage|p1b: Nebby|3/100\n|\n|-end|p2a: Calyrex|move: Taunt\n|upkeep\n|\n|t:|1773570462\n|switch|p2b: Miraidon|Miraidon, L50|100/100\n|-fieldstart|move: Electric Terrain|[from] ability: Hadron Engine|[of] p2b: Miraidon\n|-activate|p1a: Elmer|ability: Quark Drive\n|-start|p1a: Elmer|quarkdrivespe\n|turn|4\n|inactive|navinsachump has 30 seconds left.\n|\n|t:|1773570489\n|move|p1a: Elmer|High Horsepower|p2b: Miraidon\n|-supereffective|p2b: Miraidon\n|-damage|p2b: Miraidon|0 fnt\n|faint|p2b: Miraidon\n|-damage|p1a: Elmer|7/100|[from] item: Life Orb\n|move|p1b: Nebby|Moonblast|p2a: Calyrex\n|-damage|p2a: Calyrex|0 fnt\n|faint|p2a: Calyrex\n|\n|win|Mildly Displeased\n|raw|Mildly Displeased's rating: 1426 &rarr; <strong>1452</strong><br />(+26 for winning)\n|raw|navinsachump's rating: 1539 &rarr; <strong>1513</strong><br />(-26 for losing)\n|l|\u2606navinsachump\n|player|p2|\n|l|\u2606Mildly Displeased\n|player|p1|\n","uploadtime":1773570710,"views":17,"formatid":"gen9vgc2026regi","rating":1452,"private":0,"password":null}