{"id":"gen9vgc2026regi-2520103215","format":"[Gen 9] VGC 2026 Reg I","players":["Indeedee Follow","marcxhenry"],"log":"|j|\u2606Indeedee Follow\n|j|\u2606marcxhenry\n|t:|1768588516\n|gametype|doubles\n|player|p1|Indeedee Follow|winona|1392\n|player|p2|marcxhenry|hilbert-wonderlauncher|1459\n|gen|9\n|tier|[Gen 9] VGC 2026 Reg I\n|rated|\n|rule|Species Clause: Limit one of each Pok\u00e9mon\n|rule|Item Clause: Limit 1 of each item\n|clearpoke\n|poke|p1|Smeargle, L50, M|\n|poke|p1|Muk-Alola, L50, M|\n|poke|p1|Flamigo, L50, M|\n|poke|p1|Indeedee-F, L50, F|\n|poke|p1|Koraidon, L50|\n|poke|p1|Calyrex-Shadow, L50|\n|poke|p2|Calyrex-Shadow, L50|\n|poke|p2|Urshifu-*, L50, M|\n|poke|p2|Roaring Moon, L50|\n|poke|p2|Kyogre, L50|\n|poke|p2|Tsareena, L50, F|\n|poke|p2|Kingambit, L50, M|\n|teampreview|4\n|inactive|Battle timer is ON: inactive players will automatically lose when time's up. (requested by Indeedee Follow)\n|inactive|Indeedee Follow has 60 seconds left.\n|\n|t:|1768588560\n|teamsize|p1|4\n|teamsize|p2|4\n|start\n|switch|p1a: Smeargle|Smeargle, L50, M, shiny|100/100\n|switch|p1b: Calyrex|Calyrex-Shadow, L50|100/100\n|switch|p2a: Rhein\u00fcbung|Urshifu-Rapid-Strike, L50, M|100/100\n|switch|p2b: Eva|Tsareena, L50, F, shiny|100/100\n|-ability|p1b: Calyrex|As One\n|-ability|p1b: Calyrex|Unnerve\n|turn|1\n|\n|t:|1768588581\n|-terastallize|p1b: Calyrex|Ghost\n|move|p1a: Smeargle|Follow Me|p1a: Smeargle\n|-singleturn|p1a: Smeargle|move: Follow Me\n|move|p2a: Rhein\u00fcbung|Surging Strikes|p1a: Smeargle\n|-crit|p1a: Smeargle\n|-damage|p1a: Smeargle|36/100\n|-crit|p1a: Smeargle\n|-damage|p1a: Smeargle|0 fnt\n|faint|p1a: Smeargle\n|-hitcount|p1: Smeargle|2\n|move|p1b: Calyrex|Astral Barrage|p2b: Eva|[spread] p2a,p2b\n|-damage|p2a: Rhein\u00fcbung|0 fnt\n|-damage|p2b: Eva|0 fnt\n|faint|p2a: Rhein\u00fcbung\n|faint|p2b: Eva\n|-ability|p1b: Calyrex|Grim Neigh|boost\n|-boost|p1b: Calyrex|spa|2\n|\n|upkeep\n|\n|t:|1768588597\n|switch|p2a: Tripitz|Kyogre, L50, shiny|100/100\n|switch|p1a: Koraidon|Koraidon, L50, shiny|100/100\n|switch|p2b: Ludwig|Calyrex-Shadow, L50|100/100\n|-ability|p2b: Ludwig|As One\n|-ability|p2b: Ludwig|Unnerve\n|-weather|SunnyDay|[from] ability: Orichalcum Pulse|[of] p1a: Koraidon\n|-activate|p1a: Koraidon|Orichalcum Pulse|[source]\n|-weather|RainDance|[from] ability: Drizzle|[of] p2a: Tripitz\n|turn|2\n|inactive|Indeedee Follow has 30 seconds left.\n|\n|t:|1768588632\n|switch|p1a: Flamigo|Flamigo, L50, M, shiny|100/100\n|-terastallize|p2b: Ludwig|Normal\n|move|p2a: Tripitz|Protect|p2a: Tripitz\n|-singleturn|p2a: Tripitz|Protect\n|move|p2b: Ludwig|Psychic|p1a: Flamigo\n|-supereffective|p1a: Flamigo\n|-damage|p1a: Flamigo|0 fnt\n|faint|p1a: Flamigo\n|-ability|p2b: Ludwig|Grim Neigh|boost\n|-boost|p2b: Ludwig|spa|1\n|move|p1b: Calyrex|Astral Barrage|p2a: Tripitz|[spread] \n|-activate|p2a: Tripitz|move: Protect\n|-immune|p2b: Ludwig\n|\n|-weather|RainDance|[upkeep]\n|upkeep\n|\n|t:|1768588642\n|switch|p1a: Koraidon|Koraidon, L50, shiny|100/100\n|-weather|SunnyDay|[from] ability: Orichalcum Pulse|[of] p1a: Koraidon\n|-activate|p1a: Koraidon|Orichalcum Pulse|[source]\n|turn|3\n|\n|t:|1768588658\n|move|p1a: Koraidon|Close Combat|p2b: Ludwig\n|-supereffective|p2b: Ludwig\n|-enditem|p2b: Ludwig|Focus Sash\n|-damage|p2b: Ludwig|1/100\n|-unboost|p1a: Koraidon|def|1\n|-unboost|p1a: Koraidon|spd|1\n|move|p1b: Calyrex|Astral Barrage|p2b: Ludwig|[spread] p2a\n|-immune|p2b: Ludwig\n|-damage|p2a: Tripitz|0 fnt\n|faint|p2a: Tripitz\n|-ability|p1b: Calyrex|Grim Neigh|boost\n|-boost|p1b: Calyrex|spa|1\n|move|p2b: Ludwig|Psychic|p1a: Koraidon\n|-supereffective|p1a: Koraidon\n|-damage|p1a: Koraidon|0 fnt\n|faint|p1a: Koraidon\n|-ability|p2b: Ludwig|Grim Neigh|boost\n|-boost|p2b: Ludwig|spa|1\n|\n|-weather|SunnyDay|[upkeep]\n|upkeep\n|turn|4\n|\n|t:|1768588676\n|move|p2b: Ludwig|Astral Barrage|p1b: Calyrex\n|-supereffective|p1b: Calyrex\n|-damage|p1b: Calyrex|0 fnt\n|faint|p1b: Calyrex\n|\n|win|marcxhenry\n|raw|Indeedee Follow's rating: 1392 &rarr; <strong>1376</strong><br />(-16 for losing)\n|raw|marcxhenry's rating: 1459 &rarr; <strong>1475</strong><br />(+16 for winning)\n|l|\u2606Indeedee Follow\n|player|p1|\n|l|\u2606marcxhenry\n|player|p2|\n","uploadtime":1768588851,"views":20,"formatid":"gen9vgc2026regi","rating":1376,"private":0,"password":null}