{"id":"gen9vgc2026regi-2551542379","format":"[Gen 9] VGC 2026 Reg I","players":["akahyden","kojimuranishi"],"log":"|j|\u2606akahyden\n|j|\u2606kojimuranishi\n|t:|1772618777\n|gametype|doubles\n|player|p1|akahyden|unknownf|1530\n|player|p2|kojimuranishi|101|1544\n|gen|9\n|tier|[Gen 9] VGC 2026 Reg I\n|rated|\n|rule|Species Clause: Limit one of each Pok\u00e9mon\n|rule|Item Clause: Limit 1 of each item\n|clearpoke\n|poke|p1|Miraidon, L50|\n|poke|p1|Calyrex-Shadow, L50|\n|poke|p1|Iron Hands, L50|\n|poke|p1|Whimsicott, L50, F|\n|poke|p1|Chi-Yu, L50|\n|poke|p1|Farigiraf, L50, M|\n|poke|p2|Raging Bolt, L50|\n|poke|p2|Calyrex-Ice, L50|\n|poke|p2|Kyogre, L50|\n|poke|p2|Indeedee-F, L50, F|\n|poke|p2|Ursaluna, L50, F|\n|poke|p2|Chien-Pao, L50|\n|teampreview|4\n|inactive|Battle timer is ON: inactive players will automatically lose when time's up. (requested by kojimuranishi)\n|inactive|akahyden has 60 seconds left.\n|\n|t:|1772618831\n|teamsize|p1|4\n|teamsize|p2|4\n|start\n|switch|p1a: Farigiraf|Farigiraf, L50, M|100/100\n|switch|p1b: Miraidon|Miraidon, L50|100/100\n|switch|p2a: Indeedee|Indeedee-F, L50, F|100/100\n|switch|p2b: Kyogre|Kyogre, L50|100/100\n|-weather|RainDance|[from] ability: Drizzle|[of] p2b: Kyogre\n|-fieldstart|move: Electric Terrain|[from] ability: Hadron Engine|[of] p1b: Miraidon\n|-enditem|p1a: Farigiraf|Electric Seed\n|-boost|p1a: Farigiraf|def|1|[from] item: Electric Seed\n|-fieldstart|move: Psychic Terrain|[from] ability: Psychic Surge|[of] p2a: Indeedee\n|turn|1\n|\n|t:|1772618848\n|-terastallize|p2b: Kyogre|Water\n|move|p1a: Farigiraf|Helping Hand|p1b: Miraidon\n|-singleturn|p1b: Miraidon|Helping Hand|[of] p1a: Farigiraf\n|move|p2b: Kyogre|Water Spout|p1a: Farigiraf|[spread] p1a,p1b\n|-resisted|p1b: Miraidon\n|-damage|p1a: Farigiraf|0 fnt\n|-damage|p1b: Miraidon|43/100\n|faint|p1a: Farigiraf\n|move|p1b: Miraidon|Draco Meteor|p2b: Kyogre\n|-damage|p2b: Kyogre|0 fnt\n|-unboost|p1b: Miraidon|spa|2\n|faint|p2b: Kyogre\n|-damage|p1b: Miraidon|33/100|[from] item: Life Orb\n|move|p2a: Indeedee|Trick Room|p2a: Indeedee\n|-fieldstart|move: Trick Room|[of] p2a: Indeedee\n|\n|-weather|RainDance|[upkeep]\n|upkeep\n|inactive|kojimuranishi has 30 seconds left.\n|\n|t:|1772618877\n|switch|p1a: Iron Hands|Iron Hands, L50|100/100\n|switch|p2b: Calyrex|Calyrex-Ice, L50|100/100\n|-ability|p2b: Calyrex|As One\n|-ability|p2b: Calyrex|Unnerve\n|turn|2\n|\n|t:|1772618895\n|switch|p1b: Calyrex|Calyrex-Shadow, L50|100/100\n|-ability|p1b: Calyrex|As One\n|-ability|p1b: Calyrex|Unnerve\n|-terastallize|p1a: Iron Hands|Water\n|move|p2b: Calyrex|Glacial Lance|p1b: Calyrex|[spread] p1a,p1b\n|-resisted|p1a: Iron Hands\n|-damage|p1a: Iron Hands|84/100\n|-damage|p1b: Calyrex|44/100\n|move|p1a: Iron Hands|Low Kick|p2b: Calyrex\n|-damage|p2b: Calyrex|64/100\n|move|p2a: Indeedee|Psychic|p1a: Iron Hands\n|-damage|p1a: Iron Hands|64/100\n|\n|-weather|RainDance|[upkeep]\n|-heal|p2b: Calyrex|70/100|[from] item: Leftovers\n|upkeep\n|turn|3\n|inactive|kojimuranishi has 30 seconds left.\n|\n|t:|1772618926\n|move|p2b: Calyrex|Glacial Lance|p1a: Iron Hands|[spread] p1a,p1b\n|-resisted|p1a: Iron Hands\n|-damage|p1a: Iron Hands|49/100\n|-damage|p1b: Calyrex|0 fnt\n|faint|p1b: Calyrex\n|-ability|p2b: Calyrex|Chilling Neigh|boost\n|-boost|p2b: Calyrex|atk|1\n|move|p1a: Iron Hands|Drain Punch|p2a: Indeedee\n|-damage|p2a: Indeedee|58/100\n|-heal|p1a: Iron Hands|65/100|[from] drain|[of] p2a: Indeedee\n|move|p2a: Indeedee|Psychic|p1a: Iron Hands\n|-damage|p1a: Iron Hands|47/100\n|\n|-weather|RainDance|[upkeep]\n|-heal|p2b: Calyrex|76/100|[from] item: Leftovers\n|upkeep\n|-message|akahyden forfeited.\n|\n|win|kojimuranishi\n|raw|akahyden's rating: 1530 &rarr; <strong>1511</strong><br />(-19 for losing)\n|raw|kojimuranishi's rating: 1544 &rarr; <strong>1563</strong><br />(+19 for winning)\n|l|\u2606akahyden\n|player|p1|\n|l|\u2606kojimuranishi\n|player|p2|\n","uploadtime":1772619198,"views":22,"formatid":"gen9vgc2026regi","rating":1511,"private":0,"password":null}