{"id":"gen9vgc2026regi-2580403291","format":"[Gen 9] VGC 2026 Reg I","players":["dragoonlong","navinsachump"],"log":"|j|\u2606dragoonlong\n|j|\u2606navinsachump\n|t:|1775891233\n|gametype|doubles\n|player|p1|dragoonlong|2|1462\n|player|p2|navinsachump|smasher|1596\n|gen|9\n|tier|[Gen 9] VGC 2026 Reg I\n|rated|\n|rule|Species Clause: Limit one of each Pok\u00e9mon\n|rule|Item Clause: Limit 1 of each item\n|clearpoke\n|poke|p1|Muk-Alola, L50, F|\n|poke|p1|Smeargle, L50, F|\n|poke|p1|Calyrex-Shadow, L50|\n|poke|p1|Kyogre, L50|\n|poke|p1|Flamigo, L50, F|\n|poke|p1|Rillaboom, L50, F|\n|poke|p2|Miraidon, L50|\n|poke|p2|Incineroar, L50, F|\n|poke|p2|Whimsicott, L50, M|\n|poke|p2|Urshifu-*, L50, M|\n|poke|p2|Lunala, L50|\n|poke|p2|Ursaluna, L50, M|\n|teampreview|4\n|inactive|Battle timer is ON: inactive players will automatically lose when time's up. (requested by dragoonlong)\n|l|\u2606dragoonlong\n|inactive|dragoonlong disconnected and has a minute to reconnect!\n|player|p1|\n|inactive|navinsachump has 60 seconds left.\n|j|\u2606dragoonlong\n|inactive|dragoonlong reconnected.\n|player|p1|dragoonlong|2|\n|inactive|navinsachump has 30 seconds left.\n|inactive|navinsachump has 20 seconds left.\n|inactive|navinsachump has 15 seconds left.\n|inactive|navinsachump has 10 seconds left.\n|\n|t:|1775891319\n|teamsize|p1|4\n|teamsize|p2|4\n|start\n|switch|p1a: Muk|Muk-Alola, L50, F|100/100\n|switch|p1b: Smeargle|Smeargle, L50, F|100/100\n|switch|p2a: Urshifu|Urshifu-Rapid-Strike, L50, M|100/100\n|switch|p2b: Miraidon|Miraidon, L50|100/100\n|-fieldstart|move: Electric Terrain|[from] ability: Hadron Engine|[of] p2b: Miraidon\n|turn|1\n|inactive|dragoonlong has 30 seconds left.\n|inactive|dragoonlong has 20 seconds left.\n|inactive|dragoonlong has 15 seconds left.\n|inactive|dragoonlong has 10 seconds left.\n|inactive|dragoonlong has 5 seconds left.\n|\n|t:|1775891374\n|-terastallize|p2a: Urshifu|Ghost\n|move|p1b: Smeargle|Fake Out|p2a: Urshifu\n|-immune|p2a: Urshifu\n|move|p2b: Miraidon|Volt Switch|p1a: Muk\n|-damage|p1a: Muk|9/100\n|\n|t:|1775891398\n|switch|p2b: Incineroar|Incineroar, L50, F|100/100|[from] Volt Switch\n|-ability|p2b: Incineroar|Intimidate|boost\n|-unboost|p1a: Muk|atk|1\n|-unboost|p1b: Smeargle|atk|1\n|move|p2a: Urshifu|Close Combat|p1a: Muk\n|-damage|p1a: Muk|0 fnt\n|-unboost|p2a: Urshifu|def|1\n|-unboost|p2a: Urshifu|spd|1\n|faint|p1a: Muk\n|\n|-ability|p1b: Smeargle|Moody|boost\n|-boost|p1b: Smeargle|spd|2\n|-unboost|p1b: Smeargle|spe|1\n|upkeep\n|l|\u2606dragoonlong\n|inactive|dragoonlong disconnected and has a minute to reconnect!\n|player|p1|\n|inactive|dragoonlong has 30 seconds left.\n|inactive|dragoonlong has 20 seconds left.\n|inactive|dragoonlong has 15 seconds left.\n|inactive|dragoonlong has 10 seconds left.\n|inactive|dragoonlong has 5 seconds left.\n|-message|dragoonlong lost due to inactivity.\n|\n|win|navinsachump\n|raw|dragoonlong's rating: 1462 &rarr; <strong>1449</strong><br />(-13 for losing)\n|raw|navinsachump's rating: 1596 &rarr; <strong>1609</strong><br />(+13 for winning)\n|l|\u2606navinsachump\n|player|p2|\n|j|\u2606dragoonlong\n|player|p1|dragoonlong|2|\n|l|\u2606dragoonlong\n|player|p1|\n","uploadtime":1775891681,"views":26,"formatid":"gen9vgc2026regi","rating":1449,"private":0,"password":null}