{"id":"gen9vgc2026regi-2521124054","format":"[Gen 9] VGC 2026 Reg I","players":["Pumba-Kun","j0l0k0"],"log":"|j|\u2606Pumba-Kun\n|j|\u2606j0l0k0\n|t:|1768733472\n|gametype|doubles\n|player|p1|Pumba-Kun|iris-gen5bw2|1231\n|player|p2|j0l0k0|brycen|1430\n|gen|9\n|tier|[Gen 9] VGC 2026 Reg I\n|rated|\n|rule|Species Clause: Limit one of each Pok\u00e9mon\n|rule|Item Clause: Limit 1 of each item\n|clearpoke\n|poke|p1|Terapagos, L50, M|\n|poke|p1|Gholdengo, L50|\n|poke|p1|Incineroar, L50, F|\n|poke|p1|Rillaboom, L50, F|\n|poke|p1|Farigiraf, L50, M|\n|poke|p1|Amoonguss, L50, F|\n|poke|p2|Calyrex-Ice, L50|\n|poke|p2|Kyogre, L50|\n|poke|p2|Indeedee-F, L50, F|\n|poke|p2|Urshifu-*, L50, F|\n|poke|p2|Amoonguss, L50, F|\n|poke|p2|Landorus, L50, M|\n|teampreview|4\n|inactive|Battle timer is ON: inactive players will automatically lose when time's up. (requested by j0l0k0)\n|inactive|Pumba-Kun also wants the timer to be on.\n|inactive|j0l0k0 has 60 seconds left.\n|\n|t:|1768733508\n|teamsize|p1|4\n|teamsize|p2|4\n|start\n|switch|p1a: Gholdengo|Gholdengo, L50|100/100\n|switch|p1b: Farigiraf|Farigiraf, L50, M|100/100\n|switch|p2a: Kyogre|Kyogre, L50, shiny|100/100\n|switch|p2b: Indeedee|Indeedee-F, L50, F, shiny|100/100\n|-fieldstart|move: Psychic Terrain|[from] ability: Psychic Surge|[of] p2b: Indeedee\n|-weather|RainDance|[from] ability: Drizzle|[of] p2a: Kyogre\n|turn|1\n|\n|t:|1768733523\n|switch|p1a: Amoonguss|Amoonguss, L50, F|100/100\n|move|p2a: Kyogre|Water Spout|p1b: Farigiraf|[spread] p1a,p1b\n|-resisted|p1a: Amoonguss\n|-damage|p1a: Amoonguss|53/100\n|-damage|p1b: Farigiraf|19/100\n|-enditem|p1b: Farigiraf|Sitrus Berry|[eat]\n|-heal|p1b: Farigiraf|44/100|[from] item: Sitrus Berry\n|move|p2b: Indeedee|Trick Room|p2b: Indeedee\n|-fieldstart|move: Trick Room|[of] p2b: Indeedee\n|move|p1b: Farigiraf|Trick Room|p1b: Farigiraf\n|-fieldend|move: Trick Room\n|\n|-weather|RainDance|[upkeep]\n|upkeep\n|turn|2\n|-message|Pumba-Kun forfeited.\n|\n|win|j0l0k0\n|raw|Pumba-Kun's rating: 1231 &rarr; <strong>1219</strong><br />(-12 for losing)\n|raw|j0l0k0's rating: 1430 &rarr; <strong>1440</strong><br />(+10 for winning)\n|l|\u2606Pumba-Kun\n|player|p1|\n|l|\u2606j0l0k0\n|player|p2|\n","uploadtime":1768733792,"views":12,"formatid":"gen9vgc2026regi","rating":1219,"private":0,"password":null}