{"id":"gen9vgc2026regi-2520245306","format":"[Gen 9] VGC 2026 Reg I","players":["gnubge","ScribbleScribble"],"log":"|j|\u2606gnubge\n|j|\u2606ScribbleScribble\n|t:|1768603660\n|gametype|doubles\n|player|p1|gnubge|266|1138\n|player|p2|ScribbleScribble|mina-lgpe|1424\n|gen|9\n|tier|[Gen 9] VGC 2026 Reg I\n|rated|\n|rule|Species Clause: Limit one of each Pok\u00e9mon\n|rule|Item Clause: Limit 1 of each item\n|clearpoke\n|poke|p1|Ursaluna, L50, M|\n|poke|p1|Abomasnow, L50, M|\n|poke|p1|Ho-Oh, L50|\n|poke|p1|Amoonguss, L50, F|\n|poke|p1|Calyrex-Ice, L50|\n|poke|p1|Hariyama, L50, M|\n|poke|p2|Calyrex-Ice, L50|\n|poke|p2|Kyogre, L50|\n|poke|p2|Tornadus, L50, M|\n|poke|p2|Indeedee-F, L50, F|\n|poke|p2|Landorus, L50, M|\n|poke|p2|Urshifu-*, L50, M|\n|teampreview|4\n|inactive|Battle timer is ON: inactive players will automatically lose when time's up. (requested by ScribbleScribble)\n|\n|t:|1768603690\n|teamsize|p1|4\n|teamsize|p2|4\n|start\n|switch|p1a: Calyrex|Calyrex-Ice, L50|100/100\n|switch|p1b: Ho-Oh|Ho-Oh, L50|100/100\n|switch|p2a: Calyrex|Calyrex-Ice, L50|100/100\n|switch|p2b: Tornadus|Tornadus, L50, M|100/100\n|-ability|p2a: Calyrex|As One\n|-ability|p2a: Calyrex|Unnerve\n|-ability|p1a: Calyrex|As One\n|-ability|p1a: Calyrex|Unnerve\n|turn|1\n|\n|t:|1768603703\n|switch|p2b: Kyogre|Kyogre, L50|100/100\n|-weather|RainDance|[from] ability: Drizzle|[of] p2b: Kyogre\n|move|p1b: Ho-Oh|Sacred Fire|p2a: Calyrex\n|-supereffective|p2a: Calyrex\n|-damage|p2a: Calyrex|74/100\n|move|p2a: Calyrex|Imprison|p2a: Calyrex\n|-start|p2a: Calyrex|move: Imprison\n|cant|p1a: Calyrex|move: Imprison|Glacial Lance\n|\n|-weather|RainDance|[upkeep]\n|upkeep\n|turn|2\n|\n|t:|1768603721\n|switch|p1a: Abomasnow|Abomasnow, L50, M|100/100\n|-weather|Snowscape|[from] ability: Snow Warning|[of] p1a: Abomasnow\n|-terastallize|p1b: Ho-Oh|Grass\n|move|p2b: Kyogre|Water Spout|p1a: Abomasnow|[spread] p1a,p1b\n|-resisted|p1a: Abomasnow\n|-resisted|p1b: Ho-Oh\n|-damage|p1a: Abomasnow|63/100\n|-damage|p1b: Ho-Oh|79/100\n|move|p2a: Calyrex|Glacial Lance|p1a: Abomasnow|[spread] p1a,p1b\n|-supereffective|p1b: Ho-Oh\n|-damage|p1a: Abomasnow|33/100\n|-damage|p1b: Ho-Oh|3/100\n|move|p1b: Ho-Oh|Sacred Fire|p2a: Calyrex\n|-supereffective|p2a: Calyrex\n|-damage|p2a: Calyrex|35/100\n|\n|-weather|Snowscape|[upkeep]\n|-heal|p1b: Ho-Oh|9/100|[from] item: Leftovers\n|upkeep\n|turn|3\n|c|\u2606gnubge|39% seems balanced\n|inactive|gnubge has 30 seconds left.\n|inactive|ScribbleScribble has 30 seconds left.\n|inactive|gnubge has 20 seconds left.\n|inactive|ScribbleScribble has 20 seconds left.\n|inactive|gnubge has 15 seconds left.\n|\n|t:|1768603765\n|move|p2b: Kyogre|Water Spout|p1a: Abomasnow|[spread] p1a,p1b\n|-resisted|p1a: Abomasnow\n|-resisted|p1b: Ho-Oh\n|-damage|p1a: Abomasnow|0 fnt\n|-damage|p1b: Ho-Oh|0 fnt\n|faint|p1a: Abomasnow\n|faint|p1b: Ho-Oh\n|move|p2a: Calyrex|Glacial Lance|p1: Abomasnow|[notarget]\n|-fail|p2a: Calyrex\n|\n|-weather|Snowscape|[upkeep]\n|upkeep\n|c|\u2606gnubge|Max speed calyrex\n|-message|gnubge forfeited.\n|\n|win|ScribbleScribble\n|raw|gnubge's rating: 1138 &rarr; <strong>1130</strong><br />(-8 for losing)\n|raw|ScribbleScribble's rating: 1437 &rarr; <strong>1443</strong><br />(+6 for winning)\n|l|\u2606gnubge\n|player|p1|\n|l|\u2606ScribbleScribble\n|player|p2|\n","uploadtime":1768603979,"views":12,"formatid":"gen9vgc2026regi","rating":1130,"private":0,"password":null}