{"id":"gen9vgc2026regi-2558729688","format":"[Gen 9] VGC 2026 Reg I","players":["wasaad5","mertering"],"log":"|j|\u2606wasaad5\n|j|\u2606mertering\n|t:|1773470990\n|gametype|doubles\n|player|p1|wasaad5|blue|1287\n|player|p2|mertering|giovanni|1301\n|gen|9\n|tier|[Gen 9] VGC 2026 Reg I\n|rated|\n|rule|Species Clause: Limit one of each Pok\u00e9mon\n|rule|Item Clause: Limit 1 of each item\n|clearpoke\n|poke|p1|Kyurem-White, L50|\n|poke|p1|Zacian-*, L50|\n|poke|p1|Sableye, L50, M|\n|poke|p1|Urshifu-*, L50, M|\n|poke|p1|Amoonguss, L50, F|\n|poke|p1|Incineroar, L50, M|\n|poke|p2|Hatterene, L50, F|\n|poke|p2|Indeedee-F, L50, F|\n|poke|p2|Calyrex-Ice, L50|\n|poke|p2|Torkoal, L50, M|\n|poke|p2|Lunala, L50|\n|poke|p2|Regidrago, L50|\n|teampreview|4\n|\n|t:|1773471029\n|teamsize|p1|4\n|teamsize|p2|4\n|start\n|switch|p1a: Urshifu|Urshifu-Rapid-Strike, L50, M|100/100\n|switch|p1b: Incineroar|Incineroar, L50, M|100/100\n|switch|p2a: Indeedee|Indeedee-F, L50, F|100/100\n|switch|p2b: Calyrex|Calyrex-Ice, L50|100/100\n|-ability|p2b: Calyrex|As One\n|-ability|p2b: Calyrex|Unnerve\n|-fieldstart|move: Psychic Terrain|[from] ability: Psychic Surge|[of] p2a: Indeedee\n|-ability|p1b: Incineroar|Intimidate|boost\n|-unboost|p2a: Indeedee|atk|1\n|-fail|p2b: Calyrex|unboost|[from] item: Clear Amulet|[of] p2b: Calyrex\n|turn|1\n|\n|t:|1773471044\n|-terastallize|p1a: Urshifu|Water\n|move|p2a: Indeedee|Follow Me|p2a: Indeedee\n|-singleturn|p2a: Indeedee|move: Follow Me\n|move|p1a: Urshifu|Surging Strikes|p2a: Indeedee\n|-crit|p2a: Indeedee\n|-damage|p2a: Indeedee|70/100\n|-crit|p2a: Indeedee\n|-damage|p2a: Indeedee|39/100\n|-crit|p2a: Indeedee\n|-damage|p2a: Indeedee|12/100\n|-hitcount|p2a: Indeedee|3\n|move|p1b: Incineroar|Knock Off|p2a: Indeedee\n|-supereffective|p2a: Indeedee\n|-damage|p2a: Indeedee|0 fnt\n|-enditem|p2a: Indeedee|Safety Goggles|[from] move: Knock Off|[of] p1b: Incineroar\n|faint|p2a: Indeedee\n|move|p2b: Calyrex|Trick Room|p2b: Calyrex\n|-fieldstart|move: Trick Room|[of] p2b: Calyrex\n|\n|upkeep\n|\n|t:|1773471067\n|switch|p2a: Hatterene|Hatterene, L50, F|100/100\n|turn|2\n|\n|t:|1773471076\n|move|p2a: Hatterene|Expanding Force|p1b: Incineroar|[spread] p1a\n|-immune|p1b: Incineroar\n|-damage|p1a: Urshifu|0 fnt\n|faint|p1a: Urshifu\n|-damage|p2a: Hatterene|91/100|[from] item: Life Orb\n|move|p2b: Calyrex|Close Combat|p1b: Incineroar\n|-supereffective|p1b: Incineroar\n|-damage|p1b: Incineroar|0 fnt\n|-unboost|p2b: Calyrex|def|1\n|-unboost|p2b: Calyrex|spd|1\n|faint|p1b: Incineroar\n|-ability|p2b: Calyrex|Chilling Neigh|boost\n|-boost|p2b: Calyrex|atk|1\n|\n|upkeep\n|-message|wasaad5 forfeited.\n|\n|win|mertering\n|raw|wasaad5's rating: 1287 &rarr; <strong>1263</strong><br />(-24 for losing)\n|raw|mertering's rating: 1301 &rarr; <strong>1320</strong><br />(+19 for winning)\n|l|\u2606wasaad5\n|player|p1|\n|l|\u2606mertering\n|player|p2|\n","uploadtime":1773471266,"views":15,"formatid":"gen9vgc2026regi","rating":1263,"private":0,"password":null}