{"id":"gen9vgc2026regi-2531209777","format":"[Gen 9] VGC 2026 Reg I","players":["Kellen1999","blackred123"],"log":"|j|\u2606Kellen1999\n|j|\u2606blackred123\n|t:|1770032083\n|gametype|doubles\n|player|p1|Kellen1999|lass|1326\n|player|p2|blackred123|iono-masters|1390\n|gen|9\n|tier|[Gen 9] VGC 2026 Reg I\n|rated|\n|rule|Species Clause: Limit one of each Pok\u00e9mon\n|rule|Item Clause: Limit 1 of each item\n|clearpoke\n|poke|p1|Miraidon, L50|\n|poke|p1|Calyrex-Ice, L50|\n|poke|p1|Whimsicott, L50, F|\n|poke|p1|Volcarona, L50, F|\n|poke|p1|Incineroar, L50, F|\n|poke|p1|Urshifu-*, L50, F|\n|poke|p2|Calyrex-Shadow, L50|\n|poke|p2|Zamazenta-*, L50|\n|poke|p2|Chien-Pao, L50|\n|poke|p2|Dragonite, L50, M|\n|poke|p2|Amoonguss, L50, F|\n|poke|p2|Ogerpon-Cornerstone, L50, F|\n|teampreview|4\n|inactive|Battle timer is ON: inactive players will automatically lose when time's up. (requested by Kellen1999)\n|inactive|blackred123 also wants the timer to be on.\n|inactive|Kellen1999 has 60 seconds left.\n|inactive|blackred123 has 60 seconds left.\n|\n|t:|1770032125\n|teamsize|p1|4\n|teamsize|p2|4\n|start\n|switch|p1a: Whimsicott|Whimsicott, L50, F|100/100\n|switch|p1b: Calyrex|Calyrex-Ice, L50|100/100\n|switch|p2a: Zamazenta|Zamazenta-Crowned, L50|100/100\n|switch|p2b: Chien-Pao|Chien-Pao, L50|100/100\n|-ability|p1b: Calyrex|As One\n|-ability|p1b: Calyrex|Unnerve\n|-ability|p2b: Chien-Pao|Sword of Ruin\n|-ability|p2a: Zamazenta|Dauntless Shield|boost\n|-boost|p2a: Zamazenta|def|1\n|turn|1\n|inactive|Kellen1999 has 30 seconds left.\n|\n|t:|1770032152\n|move|p1b: Calyrex|Protect|p1b: Calyrex\n|-singleturn|p1b: Calyrex|Protect\n|move|p2b: Chien-Pao|Ruination|p1b: Calyrex\n|-activate|p1b: Calyrex|move: Protect\n|move|p1a: Whimsicott|Endeavor|p2a: Zamazenta\n|-damage|p2a: Zamazenta|70/100\n|move|p2a: Zamazenta|Behemoth Bash|p1a: Whimsicott\n|-supereffective|p1a: Whimsicott\n|-enditem|p1a: Whimsicott|Focus Sash\n|-damage|p1a: Whimsicott|1/100\n|\n|upkeep\n|turn|2\n|\n|t:|1770032176\n|move|p2b: Chien-Pao|Sucker Punch|p1a: Whimsicott\n|-resisted|p1a: Whimsicott\n|-damage|p1a: Whimsicott|0 fnt\n|faint|p1a: Whimsicott\n|move|p2a: Zamazenta|Behemoth Bash|p1b: Calyrex\n|-supereffective|p1b: Calyrex\n|-damage|p1b: Calyrex|30/100\n|move|p1b: Calyrex|Glacial Lance|p2b: Chien-Pao|[spread] p2a,p2b\n|-resisted|p2a: Zamazenta\n|-resisted|p2b: Chien-Pao\n|-damage|p2a: Zamazenta|57/100\n|-damage|p2b: Chien-Pao|72/100\n|\n|upkeep\n|\n|t:|1770032183\n|switch|p1a: Miraidon|Miraidon, L50, shiny|100/100\n|-fieldstart|move: Electric Terrain|[from] ability: Hadron Engine|[of] p1a: Miraidon\n|turn|3\n|-message|Kellen1999 forfeited.\n|\n|win|blackred123\n|raw|Kellen1999's rating: 1326 &rarr; <strong>1310</strong><br />(-16 for losing)\n|raw|blackred123's rating: 1390 &rarr; <strong>1406</strong><br />(+16 for winning)\n|l|\u2606Kellen1999\n|player|p1|\n","uploadtime":1770032447,"views":15,"formatid":"gen9vgc2026regi","rating":1310,"private":0,"password":null}