{"id":"gen9vgc2026regi-2559858281","format":"[Gen 9] VGC 2026 Reg I","players":["sleemo2","Odddish262"],"log":"|j|\u2606sleemo2\n|j|\u2606Odddish262\n|t:|1773616964\n|gametype|doubles\n|player|p1|sleemo2|acetrainerf|1449\n|player|p2|Odddish262|caitlin|1394\n|gen|9\n|tier|[Gen 9] VGC 2026 Reg I\n|rated|\n|rule|Species Clause: Limit one of each Pok\u00e9mon\n|rule|Item Clause: Limit 1 of each item\n|clearpoke\n|poke|p1|Calyrex-Shadow, L50|\n|poke|p1|Zamazenta-*, L50|\n|poke|p1|Whimsicott, L50, M|\n|poke|p1|Amoonguss, L50, M|\n|poke|p1|Chi-Yu, L50|\n|poke|p1|Regieleki, L50|\n|poke|p2|Groudon, L50|\n|poke|p2|Chi-Yu, L50|\n|poke|p2|Flutter Mane, L50|\n|poke|p2|Raging Bolt, L50|\n|poke|p2|Calyrex-Ice, L50|\n|poke|p2|Jumpluff, L50, F|\n|teampreview|4\n|inactive|Battle timer is ON: inactive players will automatically lose when time's up. (requested by Odddish262)\n|\n|t:|1773616989\n|teamsize|p1|4\n|teamsize|p2|4\n|start\n|switch|p1a: Whimsicott|Whimsicott, L50, M|100/100\n|switch|p1b: Chi-Yu|Chi-Yu, L50|100/100\n|switch|p2a: juh|Jumpluff, L50, F, shiny|100/100\n|switch|p2b: suh|Calyrex-Ice, L50|100/100\n|-ability|p2b: suh|As One\n|-ability|p2b: suh|Unnerve\n|-ability|p1b: Chi-Yu|Beads of Ruin\n|turn|1\n|\n|t:|1773617011\n|switch|p2a: cuh|Chi-Yu, L50|100/100\n|-ability|p2a: cuh|Beads of Ruin\n|-terastallize|p2b: suh|Water\n|move|p1a: Whimsicott|Helping Hand|p1b: Chi-Yu\n|-singleturn|p1b: Chi-Yu|Helping Hand|[of] p1a: Whimsicott\n|move|p1b: Chi-Yu|Heat Wave|p2b: suh|[spread] p2a,p2b\n|-resisted|p2a: cuh\n|-resisted|p2b: suh\n|-damage|p2a: cuh|66/100\n|-damage|p2b: suh|76/100\n|move|p2b: suh|Glacial Lance|p1b: Chi-Yu|[spread] p1a,p1b\n|-supereffective|p1a: Whimsicott\n|-resisted|p1b: Chi-Yu\n|-damage|p1a: Whimsicott|0 fnt\n|-damage|p1b: Chi-Yu|60/100\n|faint|p1a: Whimsicott\n|-ability|p2b: suh|Chilling Neigh|boost\n|-boost|p2b: suh|atk|1\n|\n|upkeep\n|\n|t:|1773617017\n|switch|p1a: Calyrex|Calyrex-Shadow, L50|100/100\n|-ability|p1a: Calyrex|As One\n|-ability|p1a: Calyrex|Unnerve\n|turn|2\n|inactive|Odddish262 has 30 seconds left.\n|inactive|Odddish262 has 20 seconds left.\n|\n|t:|1773617055\n|-terastallize|p1a: Calyrex|Ghost\n|move|p2a: cuh|Snarl|p1a: Calyrex|[spread] p1a,p1b\n|-supereffective|p1a: Calyrex\n|-resisted|p1b: Chi-Yu\n|-damage|p1a: Calyrex|32/100\n|-damage|p1b: Chi-Yu|46/100\n|-unboost|p1a: Calyrex|spa|1\n|-unboost|p1b: Chi-Yu|spa|1\n|move|p1b: Chi-Yu|Heat Wave|p2a: cuh|[spread] p2a,p2b\n|-resisted|p2a: cuh\n|-resisted|p2b: suh\n|-damage|p2a: cuh|52/100\n|-damage|p2b: suh|65/100\n|move|p1a: Calyrex|Astral Barrage|p2b: suh|[spread] p2a,p2b\n|-resisted|p2a: cuh\n|-damage|p2a: cuh|24/100\n|-damage|p2b: suh|19/100\n|move|p2b: suh|Glacial Lance|p1b: Chi-Yu|[spread] p1a,p1b\n|-resisted|p1b: Chi-Yu\n|-damage|p1a: Calyrex|0 fnt\n|-damage|p1b: Chi-Yu|0 fnt\n|-enditem|p2b: suh|Sitrus Berry|[eat]\n|-heal|p2b: suh|44/100|[from] item: Sitrus Berry\n|faint|p1a: Calyrex\n|faint|p1b: Chi-Yu\n|-ability|p2b: suh|Chilling Neigh|boost\n|-boost|p2b: suh|atk|2\n|\n|upkeep\n|-message|sleemo2 forfeited.\n|\n|win|Odddish262\n|raw|sleemo2's rating: 1449 &rarr; <strong>1426</strong><br />(-23 for losing)\n|raw|Odddish262's rating: 1394 &rarr; <strong>1417</strong><br />(+23 for winning)\n|l|\u2606sleemo2\n|player|p1|\n|l|\u2606Odddish262\n|player|p2|\n","uploadtime":1773617272,"views":13,"formatid":"gen9vgc2026regi","rating":1417,"private":0,"password":null}