{"id":"gen9vgc2026regi-2564587778","format":"[Gen 9] VGC 2026 Reg I","players":["dasabe\u76d6\u6b27\u5361\u4fa0","joppavgc"],"log":"|j|\u2606dasabe\u76d6\u6b27\u5361\u4fa0\n|j|\u2606joppavgc\n|t:|1774169731\n|gametype|doubles\n|player|p1|dasabe\u76d6\u6b27\u5361\u4fa0|may-masters4|1530\n|player|p2|joppavgc|266|1450\n|gen|9\n|tier|[Gen 9] VGC 2026 Reg I\n|rated|\n|rule|Species Clause: Limit one of each Pok\u00e9mon\n|rule|Item Clause: Limit 1 of each item\n|clearpoke\n|poke|p1|Zacian-*, L50|\n|poke|p1|Koraidon, L50|\n|poke|p1|Raging Bolt, L50|\n|poke|p1|Rillaboom, L50, F|\n|poke|p1|Volcarona, L50, F|\n|poke|p1|Chien-Pao, L50|\n|poke|p2|Rillaboom, L50, F|\n|poke|p2|Zamazenta-*, L50|\n|poke|p2|Chien-Pao, L50|\n|poke|p2|Kyogre, L50|\n|poke|p2|Farigiraf, L50, F|\n|poke|p2|Ursaluna, L50, F|\n|teampreview|4\n|\n|t:|1774169753\n|teamsize|p1|4\n|teamsize|p2|4\n|start\n|switch|p1a: \u9a82\u8c01\u542b\u5251|Zacian-Crowned, L50|100/100\n|switch|p1b: \u829d\u58eb\u96ea\u8c79|Chien-Pao, L50|100/100\n|switch|p2a: Farigiraf|Farigiraf, L50, F|100/100\n|switch|p2b: Kyogre|Kyogre, L50|100/100\n|-ability|p1a: \u9a82\u8c01\u542b\u5251|Intrepid Sword|boost\n|-boost|p1a: \u9a82\u8c01\u542b\u5251|atk|1\n|-ability|p1b: \u829d\u58eb\u96ea\u8c79|Sword of Ruin\n|-weather|RainDance|[from] ability: Drizzle|[of] p2b: Kyogre\n|turn|1\n|\n|t:|1774169765\n|switch|p2b: Rillaboom|Rillaboom, L50, F|100/100\n|-fieldstart|move: Grassy Terrain|[from] ability: Grassy Surge|[of] p2b: Rillaboom\n|-enditem|p2a: Farigiraf|Grassy Seed\n|-boost|p2a: Farigiraf|def|1|[from] item: Grassy Seed\n|-terastallize|p2a: Farigiraf|Electric\n|move|p1a: \u9a82\u8c01\u542b\u5251|Behemoth Blade|p2b: Rillaboom\n|-damage|p2b: Rillaboom|0 fnt\n|faint|p2b: Rillaboom\n|move|p1b: \u829d\u58eb\u96ea\u8c79|Taunt|p2a: Farigiraf\n|-start|p2a: Farigiraf|move: Taunt\n|cant|p2a: Farigiraf|move: Taunt|Trick Room\n|\n|-weather|RainDance|[upkeep]\n|upkeep\n|\n|t:|1774169782\n|switch|p2b: Kyogre|Kyogre, L50|100/100\n|turn|2\n|\n|t:|1774169793\n|move|p1a: \u9a82\u8c01\u542b\u5251|Play Rough|p2b: Kyogre\n|-damage|p2b: Kyogre|8/100\n|move|p1b: \u829d\u58eb\u96ea\u8c79|Ice Spinner|p2a: Farigiraf\n|-damage|p2a: Farigiraf|69/100\n|-fieldend|move: Grassy Terrain\n|move|p2b: Kyogre|Origin Pulse|p1b: \u829d\u58eb\u96ea\u8c79|[spread] p1a,p1b\n|-damage|p1a: \u9a82\u8c01\u542b\u5251|33/100\n|-enditem|p1b: \u829d\u58eb\u96ea\u8c79|Focus Sash\n|-damage|p1b: \u829d\u58eb\u96ea\u8c79|1/100\n|move|p2a: Farigiraf|Foul Play|p1a: \u9a82\u8c01\u542b\u5251\n|-resisted|p1a: \u9a82\u8c01\u542b\u5251\n|-damage|p1a: \u9a82\u8c01\u542b\u5251|2/100\n|\n|-weather|RainDance|[upkeep]\n|upkeep\n|turn|3\n|\n|t:|1774169818\n|move|p1a: \u9a82\u8c01\u542b\u5251|Play Rough|p2a: Farigiraf\n|-damage|p2a: Farigiraf|6/100\n|move|p1b: \u829d\u58eb\u96ea\u8c79|Ice Spinner|p2b: Kyogre\n|-resisted|p2b: Kyogre\n|-damage|p2b: Kyogre|0 fnt\n|faint|p2b: Kyogre\n|move|p2a: Farigiraf|Foul Play|p1a: \u9a82\u8c01\u542b\u5251\n|-resisted|p1a: \u9a82\u8c01\u542b\u5251\n|-damage|p1a: \u9a82\u8c01\u542b\u5251|0 fnt\n|faint|p1a: \u9a82\u8c01\u542b\u5251\n|\n|-weather|RainDance|[upkeep]\n|-end|p2a: Farigiraf|move: Taunt\n|upkeep\n|\n|t:|1774169825\n|switch|p1a: \u6545\u5927\u5305\u52d2|Koraidon, L50|100/100\n|switch|p2b: Ursaluna|Ursaluna, L50, F|100/100\n|-weather|SunnyDay|[from] ability: Orichalcum Pulse|[of] p1a: \u6545\u5927\u5305\u52d2\n|-activate|p1a: \u6545\u5927\u5305\u52d2|Orichalcum Pulse|[source]\n|turn|4\n|\n|t:|1774169839\n|move|p1b: \u829d\u58eb\u96ea\u8c79|Ice Spinner|p2a: Farigiraf\n|-damage|p2a: Farigiraf|0 fnt\n|faint|p2a: Farigiraf\n|move|p1a: \u6545\u5927\u5305\u52d2|Close Combat|p2b: Ursaluna\n|-supereffective|p2b: Ursaluna\n|-damage|p2b: Ursaluna|0 fnt\n|-unboost|p1a: \u6545\u5927\u5305\u52d2|def|1\n|-unboost|p1a: \u6545\u5927\u5305\u52d2|spd|1\n|faint|p2b: Ursaluna\n|\n|win|dasabe\u76d6\u6b27\u5361\u4fa0\n|raw|dasabe\u76d6\u6b27\u5361\u4fa0's rating: 1530 &rarr; <strong>1545</strong><br />(+15 for winning)\n|raw|joppavgc's rating: 1450 &rarr; <strong>1435</strong><br />(-15 for losing)\n|l|\u2606joppavgc\n|player|p2|\n|l|\u2606dasabe\u76d6\u6b27\u5361\u4fa0\n|player|p1|\n|j| TTTAAATTT00\n|l| TTTAAATTT00\n","uploadtime":1774170087,"views":12,"formatid":"gen9vgc2026regi","rating":1435,"private":0,"password":null}