{"id":"gen9vgc2026regi-2520090498","format":"[Gen 9] VGC 2026 Reg I","players":["alxback","Voth"],"log":"|j|\u2606alxback\n|j|\u2606Voth\n|t:|1768587313\n|gametype|doubles\n|player|p1|alxback|swimmer|1250\n|player|p2|Voth|dawn|1278\n|gen|9\n|tier|[Gen 9] VGC 2026 Reg I\n|rated|\n|rule|Species Clause: Limit one of each Pok\u00e9mon\n|rule|Item Clause: Limit 1 of each item\n|clearpoke\n|poke|p1|Tornadus, L50, M|\n|poke|p1|Kyogre, L50|\n|poke|p1|Miraidon, L50|\n|poke|p1|Iron Hands, L50|\n|poke|p1|Tsareena, L50, F|\n|poke|p1|Urshifu-*, L50, F|\n|poke|p2|Urshifu-*, L50, M|\n|poke|p2|Calyrex-Ice, L50|\n|poke|p2|Tornadus, L50, M|\n|poke|p2|Landorus, L50, M|\n|poke|p2|Rillaboom, L50, F|\n|poke|p2|Kyogre, L50|\n|teampreview|4\n|inactive|Battle timer is ON: inactive players will automatically lose when time's up. (requested by alxback)\n|inactive|alxback has 60 seconds left.\n|\n|t:|1768587359\n|teamsize|p1|4\n|teamsize|p2|4\n|start\n|switch|p1a: Tornadus|Tornadus, L50, M|100/100\n|switch|p1b: Tsareena|Tsareena, L50, F, shiny|100/100\n|switch|p2a: Korra|Calyrex-Ice, L50|100/100\n|switch|p2b: Kaul Hilo|Landorus, L50, M|100/100\n|-ability|p2a: Korra|As One\n|-ability|p2a: Korra|Unnerve\n|turn|1\n|inactive|Voth has 30 seconds left.\n|\n|t:|1768587390\n|move|p1a: Tornadus|Taunt|p2a: Korra\n|-start|p2a: Korra|move: Taunt\n|move|p2b: Kaul Hilo|Sludge Bomb|p1b: Tsareena\n|-supereffective|p1b: Tsareena\n|-damage|p1b: Tsareena|0 fnt\n|faint|p1b: Tsareena\n|move|p2a: Korra|Glacial Lance|p1a: Tornadus\n|-supereffective|p1a: Tornadus\n|-damage|p1a: Tornadus|0 fnt\n|faint|p1a: Tornadus\n|-ability|p2a: Korra|Chilling Neigh|boost\n|-boost|p2a: Korra|atk|1\n|\n|upkeep\n|\n|t:|1768587399\n|switch|p1a: Miraidon|Miraidon, L50|100/100\n|switch|p1b: Urshifu|Urshifu-Rapid-Strike, L50, F|100/100\n|-fieldstart|move: Electric Terrain|[from] ability: Hadron Engine|[of] p1a: Miraidon\n|turn|2\n|\n|t:|1768587417\n|switch|p2b: Harambe|Rillaboom, L50, F|100/100\n|-fieldstart|move: Grassy Terrain|[from] ability: Grassy Surge|[of] p2b: Harambe\n|move|p1b: Urshifu|Surging Strikes|p2a: Korra\n|-crit|p2a: Korra\n|-damage|p2a: Korra|87/100\n|-crit|p2a: Korra\n|-damage|p2a: Korra|73/100\n|-crit|p2a: Korra\n|-damage|p2a: Korra|60/100\n|-hitcount|p2a: Korra|3\n|move|p1a: Miraidon|Electro Drift|p2a: Korra\n|-damage|p2a: Korra|12/100\n|move|p2a: Korra|Glacial Lance|p1b: Urshifu|[spread] p1a,p1b\n|-supereffective|p1a: Miraidon\n|-resisted|p1b: Urshifu\n|-damage|p1a: Miraidon|0 fnt\n|-damage|p1b: Urshifu|61/100\n|faint|p1a: Miraidon\n|-ability|p2a: Korra|Chilling Neigh|boost\n|-boost|p2a: Korra|atk|1\n|\n|-heal|p1b: Urshifu|68/100|[from] Grassy Terrain\n|-heal|p2a: Korra|18/100|[from] Grassy Terrain\n|-heal|p2a: Korra|24/100|[from] item: Leftovers\n|upkeep\n|turn|3\n|-message|alxback forfeited.\n|\n|win|Voth\n|raw|alxback's rating: 1250 &rarr; <strong>1227</strong><br />(-23 for losing)\n|raw|Voth's rating: 1278 &rarr; <strong>1301</strong><br />(+23 for winning)\n|l|\u2606alxback\n|player|p1|\n","uploadtime":1768587617,"views":13,"formatid":"gen9vgc2026regi","rating":1227,"private":0,"password":null}