{"id":"gen9vgc2026regi-2553702669","format":"[Gen 9] VGC 2026 Reg I","players":["EllenJoe2026","QVQ\u6c34\u83b2Lana"],"log":"|j|\u2606EllenJoe2026\n|j|\u2606QVQ\u6c34\u83b2Lana\n|t:|1772864038\n|gametype|doubles\n|player|p1|EllenJoe2026|266|1457\n|player|p2|QVQ\u6c34\u83b2Lana|265|1329\n|gen|9\n|tier|[Gen 9] VGC 2026 Reg I\n|rated|\n|rule|Species Clause: Limit one of each Pok\u00e9mon\n|rule|Item Clause: Limit 1 of each item\n|clearpoke\n|poke|p1|Calyrex-Shadow, L50|\n|poke|p1|Zamazenta-*, L50|\n|poke|p1|Chien-Pao, L50|\n|poke|p1|Dragonite, L50, F|\n|poke|p1|Amoonguss, L50, F|\n|poke|p1|Urshifu-*, L50, F|\n|poke|p2|Groudon, L50|\n|poke|p2|Scovillain, L50, F|\n|poke|p2|Sableye, L50, M|\n|poke|p2|Flutter Mane, L50|\n|poke|p2|Koraidon, L50|\n|poke|p2|Ting-Lu, L50|\n|teampreview|4\n|inactive|Battle timer is ON: inactive players will automatically lose when time's up. (requested by QVQ\u6c34\u83b2Lana)\n|inactive|EllenJoe2026 also wants the timer to be on.\n|\n|t:|1772864070\n|teamsize|p1|4\n|teamsize|p2|4\n|start\n|switch|p1a: Dragonite|Dragonite, L50, F|100/100\n|switch|p1b: Chien-Pao|Chien-Pao, L50|100/100\n|switch|p2a: \u56fa\u62c9\u591a|Koraidon, L50|100/100\n|switch|p2b: \u53cc\u9996\u6076\u9f99|Scovillain, L50, F|100/100\n|-weather|SunnyDay|[from] ability: Orichalcum Pulse|[of] p2a: \u56fa\u62c9\u591a\n|-activate|p2a: \u56fa\u62c9\u591a|Orichalcum Pulse|[source]\n|-ability|p1b: Chien-Pao|Sword of Ruin\n|turn|1\n|inactive|QVQ\u6c34\u83b2Lana has 30 seconds left.\n|\n|t:|1772864097\n|-terastallize|p2a: \u56fa\u62c9\u591a|Flying\n|move|p1b: Chien-Pao|Protect|p1b: Chien-Pao\n|-singleturn|p1b: Chien-Pao|Protect\n|move|p2b: \u53cc\u9996\u6076\u9f99|Rage Powder|p2b: \u53cc\u9996\u6076\u9f99\n|-singleturn|p2b: \u53cc\u9996\u6076\u9f99|move: Rage Powder\n|move|p1a: Dragonite|Extreme Speed|p2b: \u53cc\u9996\u6076\u9f99\n|-enditem|p2b: \u53cc\u9996\u6076\u9f99|Focus Sash\n|-damage|p2b: \u53cc\u9996\u6076\u9f99|1/100\n|move|p2a: \u56fa\u62c9\u591a|Collision Course|p1b: Chien-Pao\n|-activate|p1b: Chien-Pao|move: Protect\n|\n|-weather|SunnyDay|[upkeep]\n|upkeep\n|turn|2\n|inactive|EllenJoe2026 has 30 seconds left.\n|\n|t:|1772864122\n|move|p1a: Dragonite|Extreme Speed|p2a: \u56fa\u62c9\u591a\n|-damage|p2a: \u56fa\u62c9\u591a|44/100\n|move|p2b: \u53cc\u9996\u6076\u9f99|Spicy Extract|p1b: Chien-Pao\n|-boost|p1b: Chien-Pao|atk|2\n|-unboost|p1b: Chien-Pao|def|2\n|-enditem|p2a: \u56fa\u62c9\u591a|Mirror Herb\n|-boost|p2a: \u56fa\u62c9\u591a|atk|2|[from] item: Mirror Herb\n|move|p2a: \u56fa\u62c9\u591a|Acrobatics|p1b: Chien-Pao\n|-enditem|p1b: Chien-Pao|Focus Sash\n|-damage|p1b: Chien-Pao|1/100\n|move|p1b: Chien-Pao|Ice Spinner|p2a: \u56fa\u62c9\u591a\n|-supereffective|p2a: \u56fa\u62c9\u591a\n|-damage|p2a: \u56fa\u62c9\u591a|0 fnt\n|faint|p2a: \u56fa\u62c9\u591a\n|\n|-weather|SunnyDay|[upkeep]\n|upkeep\n|\n|t:|1772864138\n|switch|p2a: \u6c38\u9664\u4ed6\u98de|Groudon, L50|100/100\n|turn|3\n|-message|QVQ\u6c34\u83b2Lana forfeited.\n|\n|win|EllenJoe2026\n|raw|EllenJoe2026's rating: 1457 &rarr; <strong>1470</strong><br />(+13 for winning)\n|raw|QVQ\u6c34\u83b2Lana's rating: 1329 &rarr; <strong>1316</strong><br />(-13 for losing)\n|l|\u2606QVQ\u6c34\u83b2Lana\n|player|p2|\n|l|\u2606EllenJoe2026\n|player|p1|\n","uploadtime":1772864342,"views":14,"formatid":"gen9vgc2026regi","rating":1316,"private":0,"password":null}