{"id":"gen9vgc2026regi-2549337146","format":"[Gen 9] VGC 2026 Reg I","players":["GX champion","1zha"],"log":"|j|\u2606GX champion\n|j|\u26061zha\n|t:|1772346334\n|gametype|doubles\n|player|p1|GX champion|red|1408\n|player|p2|1zha|beauty-gen4dp|1536\n|gen|9\n|tier|[Gen 9] VGC 2026 Reg I\n|rated|\n|rule|Species Clause: Limit one of each Pok\u00e9mon\n|rule|Item Clause: Limit 1 of each item\n|clearpoke\n|poke|p1|Incineroar, L50, M|\n|poke|p1|Rillaboom, L50, M|\n|poke|p1|Landorus, L50, M|\n|poke|p1|Smeargle, L50, F|\n|poke|p1|Koraidon, L50|\n|poke|p1|Calyrex-Ice, L50|\n|poke|p2|Calyrex-Shadow, L50|\n|poke|p2|Zamazenta-*, L50|\n|poke|p2|Whimsicott, L50, F|\n|poke|p2|Maushold-Four, L50|\n|poke|p2|Chi-Yu, L50|\n|poke|p2|Amoonguss, L50, F|\n|teampreview|4\n|j| Rxu\n|inactive|Battle timer is ON: inactive players will automatically lose when time's up. (requested by GX champion)\n|\n|t:|1772346363\n|teamsize|p1|4\n|teamsize|p2|4\n|start\n|switch|p1a: Incineroar|Incineroar, L50, M|100/100\n|switch|p1b: Koraidon|Koraidon, L50|100/100\n|switch|p2a: Whimsicott|Whimsicott, L50, F, shiny|100/100\n|switch|p2b: Chi-Yu|Chi-Yu, L50, shiny|100/100\n|-weather|SunnyDay|[from] ability: Orichalcum Pulse|[of] p1b: Koraidon\n|-activate|p1b: Koraidon|Orichalcum Pulse|[source]\n|-ability|p2b: Chi-Yu|Beads of Ruin\n|-ability|p1a: Incineroar|Intimidate|boost\n|-unboost|p2a: Whimsicott|atk|1\n|-unboost|p2b: Chi-Yu|atk|1\n|turn|1\n|\n|t:|1772346376\n|-terastallize|p1b: Koraidon|Fire\n|move|p1a: Incineroar|Fake Out|p2a: Whimsicott\n|-damage|p2a: Whimsicott|84/100\n|cant|p2a: Whimsicott|flinch\n|move|p1b: Koraidon|Flame Charge|p2a: Whimsicott\n|-supereffective|p2a: Whimsicott\n|-damage|p2a: Whimsicott|0 fnt\n|-boost|p1b: Koraidon|spe|1\n|faint|p2a: Whimsicott\n|move|p2b: Chi-Yu|Overheat|p1b: Koraidon\n|-resisted|p1b: Koraidon\n|-damage|p1b: Koraidon|5/100\n|-unboost|p2b: Chi-Yu|spa|2\n|\n|-weather|SunnyDay|[upkeep]\n|upkeep\n|\n|t:|1772346392\n|switch|p2a: Zamazenta|Zamazenta-Crowned, L50|100/100\n|-ability|p2a: Zamazenta|Dauntless Shield|boost\n|-boost|p2a: Zamazenta|def|1\n|turn|2\n|inactive|1zha has 30 seconds left.\n|\n|t:|1772346424\n|switch|p2b: Calyrex|Calyrex-Shadow, L50|100/100\n|-ability|p2b: Calyrex|As One\n|-ability|p2b: Calyrex|Unnerve\n|-terastallize|p2a: Zamazenta|Dragon\n|move|p1b: Koraidon|Protect|p1b: Koraidon\n|-singleturn|p1b: Koraidon|Protect\n|move|p2a: Zamazenta|Body Press|p1b: Koraidon\n|-activate|p1b: Koraidon|move: Protect\n|move|p1a: Incineroar|Knock Off|p2b: Calyrex\n|-supereffective|p2b: Calyrex\n|-damage|p2b: Calyrex|0 fnt\n|-enditem|p2b: Calyrex|Life Orb|[from] move: Knock Off|[of] p1a: Incineroar\n|faint|p2b: Calyrex\n|\n|-weather|SunnyDay|[upkeep]\n|upkeep\n|-message|1zha forfeited.\n|\n|win|GX champion\n|raw|GX champion's rating: 1408 &rarr; <strong>1435</strong><br />(+27 for winning)\n|raw|1zha's rating: 1536 &rarr; <strong>1509</strong><br />(-27 for losing)\n|l|\u26061zha\n|player|p2|\n|l| Rxu\n|l|\u2606GX champion\n|player|p1|\n","uploadtime":1772346616,"views":19,"formatid":"gen9vgc2026regi","rating":1435,"private":0,"password":null}