{"id":"gen9vgc2026regi-2544082524","format":"[Gen 9] VGC 2026 Reg I","players":["yubanmeiqin","esterfly"],"log":"|j|\u2606yubanmeiqin\n|j|\u2606esterfly\n|t:|1771653125\n|gametype|doubles\n|player|p1|yubanmeiqin|lillie-masters2|1480\n|player|p2|esterfly|169|1263\n|gen|9\n|tier|[Gen 9] VGC 2026 Reg I\n|rated|\n|rule|Species Clause: Limit one of each Pok\u00e9mon\n|rule|Item Clause: Limit 1 of each item\n|clearpoke\n|poke|p1|Calyrex-Shadow, L50|\n|poke|p1|Zamazenta-*, L50|\n|poke|p1|Rillaboom, L50, M|\n|poke|p1|Clefairy, L50, M|\n|poke|p1|Tornadus, L50, M|\n|poke|p1|Smeargle, L50, M|\n|poke|p2|Terapagos, L50, M|\n|poke|p2|Arboliva, L50, F|\n|poke|p2|Grimmsnarl, L50, M|\n|poke|p2|Kyogre, L50|\n|poke|p2|Annihilape, L50, M|\n|poke|p2|Chien-Pao, L50|\n|teampreview|4\n|\n|t:|1771653153\n|teamsize|p1|4\n|teamsize|p2|4\n|start\n|switch|p1a: Calyrex|Calyrex-Shadow, L50|100/100\n|switch|p1b: Rillaboom|Rillaboom, L50, M, shiny|100/100\n|switch|p2a: Grimmsnarl|Grimmsnarl, L50, M|100/100\n|switch|p2b: Kyogre|Kyogre, L50|100/100\n|-ability|p1a: Calyrex|As One\n|-ability|p1a: Calyrex|Unnerve\n|-weather|RainDance|[from] ability: Drizzle|[of] p2b: Kyogre\n|-fieldstart|move: Grassy Terrain|[from] ability: Grassy Surge|[of] p1b: Rillaboom\n|turn|1\n|\n|t:|1771653177\n|switch|p2b: Annihilape|Annihilape, L50, M|100/100\n|-terastallize|p1a: Calyrex|Dark\n|move|p1b: Rillaboom|Fake Out|p2b: Annihilape\n|-immune|p2b: Annihilape\n|move|p2a: Grimmsnarl|Light Screen|p2a: Grimmsnarl\n|-sidestart|p2: esterfly|move: Light Screen\n|move|p1a: Calyrex|Nasty Plot|p1a: Calyrex\n|-boost|p1a: Calyrex|spa|2\n|\n|-weather|RainDance|[upkeep]\n|upkeep\n|turn|2\n|\n|t:|1771653203\n|-terastallize|p2b: Annihilape|Dark\n|move|p1a: Calyrex|Protect|p1a: Calyrex\n|-singleturn|p1a: Calyrex|Protect\n|move|p2a: Grimmsnarl|Parting Shot|p1b: Rillaboom\n|-unboost|p1b: Rillaboom|atk|1\n|-unboost|p1b: Rillaboom|spa|1\n|\n|t:|1771653211\n|switch|p2a: Chien-Pao|Chien-Pao, L50|100/100|[from] Parting Shot\n|-ability|p2a: Chien-Pao|Sword of Ruin\n|move|p2b: Annihilape|Close Combat|p1a: Calyrex\n|-activate|p1a: Calyrex|move: Protect\n|move|p1b: Rillaboom|Wood Hammer|p2b: Annihilape\n|-damage|p2b: Annihilape|33/100\n|-damage|p1b: Rillaboom|79/100|[from] Recoil\n|\n|-weather|RainDance|[upkeep]\n|-heal|p2b: Annihilape|39/100|[from] Grassy Terrain\n|-heal|p1b: Rillaboom|85/100|[from] Grassy Terrain\n|upkeep\n|turn|3\n|\n|t:|1771653244\n|switch|p1a: Smeargle|Smeargle, L50, M, shiny|100/100\n|-enditem|p2b: Annihilape|Sitrus Berry|[eat]\n|-heal|p2b: Annihilape|64/100|[from] item: Sitrus Berry\n|switch|p1b: Zamazenta|Zamazenta-Crowned, L50, shiny|100/100\n|-ability|p1b: Zamazenta|Dauntless Shield|boost\n|-boost|p1b: Zamazenta|def|1\n|move|p2a: Chien-Pao|Swords Dance|p2a: Chien-Pao\n|-boost|p2a: Chien-Pao|atk|2\n|move|p2b: Annihilape|U-turn|p1a: Smeargle\n|-damage|p1a: Smeargle|33/100\n|-message|yubanmeiqin forfeited.\n|\n|win|esterfly\n|raw|yubanmeiqin's rating: 1480 &rarr; <strong>1449</strong><br />(-31 for losing)\n|raw|esterfly's rating: 1263 &rarr; <strong>1302</strong><br />(+39 for winning)\n|l|\u2606yubanmeiqin\n|player|p1|\n|l|\u2606esterfly\n|player|p2|\n","uploadtime":1771653411,"views":13,"formatid":"gen9vgc2026regi","rating":1302,"private":0,"password":null}