{"id":"gen9vgc2026regi-2543526257","format":"[Gen 9] VGC 2026 Reg I","players":["VJ2511","meh is good"],"log":"|j|\u2606VJ2511\n|j|\u2606meh is good\n|t:|1771588528\n|gametype|doubles\n|player|p1|VJ2511|red-masters3|1629\n|player|p2|meh is good|flannery|1542\n|gen|9\n|tier|[Gen 9] VGC 2026 Reg I\n|rated|\n|rule|Species Clause: Limit one of each Pok\u00e9mon\n|rule|Item Clause: Limit 1 of each item\n|clearpoke\n|poke|p1|Calyrex-Shadow, L50|\n|poke|p1|Zamazenta-*, L50|\n|poke|p1|Smeargle, L50, F|\n|poke|p1|Incineroar, L50, F|\n|poke|p1|Rillaboom, L50, M|\n|poke|p1|Raging Bolt, L50|\n|poke|p2|Chien-Pao, L50|\n|poke|p2|Urshifu-*, L50, M|\n|poke|p2|Calyrex-Shadow, L50|\n|poke|p2|Tornadus, L50, M|\n|poke|p2|Clefairy, L50, M|\n|poke|p2|Miraidon, L50|\n|teampreview|4\n|inactive|Battle timer is ON: inactive players will automatically lose when time's up. (requested by meh is good)\n|inactive|meh is good has 60 seconds left.\n|\n|t:|1771588576\n|teamsize|p1|4\n|teamsize|p2|4\n|start\n|switch|p1a: Zamazenta|Zamazenta-Crowned, L50|100/100\n|switch|p1b: Raging Bolt|Raging Bolt, L50|100/100\n|switch|p2a: The Lawyer|Chien-Pao, L50, shiny|100/100\n|switch|p2b: The Victim|Urshifu-Rapid-Strike, L50, M|100/100\n|-ability|p2a: The Lawyer|Sword of Ruin\n|-ability|p1a: Zamazenta|Dauntless Shield|boost\n|-boost|p1a: Zamazenta|def|1\n|-enditem|p1b: Raging Bolt|Booster Energy\n|-activate|p1b: Raging Bolt|ability: Protosynthesis|[fromitem]\n|-start|p1b: Raging Bolt|protosynthesisspa\n|turn|1\n|\n|t:|1771588600\n|switch|p2b: The Suspect|Calyrex-Shadow, L50|100/100\n|-ability|p2b: The Suspect|As One\n|-ability|p2b: The Suspect|Unnerve\n|move|p2a: The Lawyer|Icicle Crash|p1b: Raging Bolt\n|-supereffective|p1b: Raging Bolt\n|-damage|p1b: Raging Bolt|0 fnt\n|faint|p1b: Raging Bolt\n|-end|p1b: Raging Bolt|Protosynthesis|[silent]\n|move|p1a: Zamazenta|Body Press|p2a: The Lawyer\n|-supereffective|p2a: The Lawyer\n|-damage|p2a: The Lawyer|0 fnt\n|faint|p2a: The Lawyer\n|\n|upkeep\n|\n|t:|1771588616\n|switch|p2a: The Victim|Urshifu-Rapid-Strike, L50, M|100/100\n|switch|p1b: Rillaboom|Rillaboom, L50, M|100/100\n|-fieldstart|move: Grassy Terrain|[from] ability: Grassy Surge|[of] p1b: Rillaboom\n|turn|2\n|inactive|meh is good has 30 seconds left.\n|\n|t:|1771588647\n|switch|p2a: The Defendant|Miraidon, L50|100/100\n|-fieldstart|move: Electric Terrain|[from] ability: Hadron Engine|[of] p2a: The Defendant\n|move|p2b: The Suspect|Astral Barrage|p1a: Zamazenta|[spread] p1a,p1b\n|-damage|p1a: Zamazenta|51/100\n|-damage|p1b: Rillaboom|57/100\n|-damage|p2b: The Suspect|91/100|[from] item: Life Orb\n|move|p1a: Zamazenta|Body Press|p2a: The Defendant\n|-crit|p2a: The Defendant\n|-damage|p2a: The Defendant|16/100\n|move|p1b: Rillaboom|Wood Hammer|p2b: The Suspect\n|-damage|p2b: The Suspect|32/100\n|-damage|p1b: Rillaboom|39/100|[from] Recoil\n|\n|upkeep\n|turn|3\n|inactive|VJ2511 has 30 seconds left.\n|inactive|meh is good has 30 seconds left.\n|\n|t:|1771588674\n|move|p1a: Zamazenta|Wide Guard|p1a: Zamazenta\n|-singleturn|p1a: Zamazenta|Wide Guard\n|move|p2b: The Suspect|Psychic|p1a: Zamazenta\n|-crit|p1a: Zamazenta\n|-damage|p1a: Zamazenta|0 fnt\n|faint|p1a: Zamazenta\n|-ability|p2b: The Suspect|Grim Neigh|boost\n|-boost|p2b: The Suspect|spa|1\n|-damage|p2b: The Suspect|22/100|[from] item: Life Orb\n|move|p2a: The Defendant|Electro Drift|p1b: Rillaboom\n|-resisted|p1b: Rillaboom\n|-damage|p1b: Rillaboom|7/100\n|move|p1b: Rillaboom|Wood Hammer|p2a: The Defendant\n|-resisted|p2a: The Defendant\n|-damage|p2a: The Defendant|0 fnt\n|faint|p2a: The Defendant\n|-damage|p1b: Rillaboom|1/100|[from] Recoil\n|\n|upkeep\n|\n|t:|1771588689\n|switch|p1a: Calyrex|Calyrex-Shadow, L50|100/100\n|switch|p2a: The Victim|Urshifu-Rapid-Strike, L50, M|100/100\n|-ability|p1a: Calyrex|As One\n|-ability|p1a: Calyrex|Unnerve\n|turn|4\n|\n|t:|1771588698\n|-terastallize|p2a: The Victim|Water\n|-terastallize|p1a: Calyrex|Dark\n|move|p2a: The Victim|Surging Strikes|p1a: Calyrex\n|-crit|p1a: Calyrex\n|-damage|p1a: Calyrex|67/100\n|-crit|p1a: Calyrex\n|-damage|p1a: Calyrex|36/100\n|-crit|p1a: Calyrex\n|-damage|p1a: Calyrex|0 fnt\n|faint|p1a: Calyrex\n|-hitcount|p1: Calyrex|3\n|move|p2b: The Suspect|Astral Barrage|p1b: Rillaboom\n|-damage|p1b: Rillaboom|0 fnt\n|faint|p1b: Rillaboom\n|-damage|p2b: The Suspect|13/100|[from] item: Life Orb\n|\n|win|meh is good\n|raw|VJ2511's rating: 1629 &rarr; <strong>1604</strong><br />(-25 for losing)\n|raw|meh is good's rating: 1542 &rarr; <strong>1567</strong><br />(+25 for winning)\n|c|\u2606VJ2511|oof\n|c|\u2606VJ2511|high rolls\n|l|\u2606VJ2511\n|player|p1|\n|c|\u2606meh is good|Was adamant so it was in my favor I think\n|l|\u2606meh is good\n|player|p2|\n","uploadtime":1771588850,"views":60,"formatid":"gen9vgc2026regi","rating":1567,"private":0,"password":null}