{"id":"gen9vgc2026regi-2565318590","format":"[Gen 9] VGC 2026 Reg I","players":["ScribbleScribble","Wawesome"],"log":"|j|\u2606ScribbleScribble\n|j|\u203dWawesome\n|t:|1774262390\n|gametype|doubles\n|player|p1|ScribbleScribble|mina-lgpe|1544\n|player|p2|Wawesome|1|1496\n|gen|9\n|tier|[Gen 9] VGC 2026 Reg I\n|rated|\n|rule|Species Clause: Limit one of each Pok\u00e9mon\n|rule|Item Clause: Limit 1 of each item\n|clearpoke\n|poke|p1|Calyrex-Ice, L50|\n|poke|p1|Kyogre, L50|\n|poke|p1|Tornadus, L50, M|\n|poke|p1|Indeedee-F, L50, F|\n|poke|p1|Urshifu-*, L50, F|\n|poke|p1|Landorus, L50, M|\n|poke|p2|Miraidon, L50|\n|poke|p2|Iron Hands, L50|\n|poke|p2|Calyrex-Ice, L50|\n|poke|p2|Ogerpon-Hearthflame, L50, F|\n|poke|p2|Farigiraf, L50, M|\n|poke|p2|Whimsicott, L50, F|\n|teampreview|4\n|inactive|Battle timer is ON: inactive players will automatically lose when time's up. (requested by ScribbleScribble)\n|\n|t:|1774262417\n|teamsize|p1|4\n|teamsize|p2|4\n|start\n|switch|p1a: Calyrex|Calyrex-Ice, L50|100/100\n|switch|p1b: Indeedee|Indeedee-F, L50, F, shiny|100/100\n|switch|p2a: Miraidon|Miraidon, L50|100/100\n|switch|p2b: Calyrex|Calyrex-Ice, L50|100/100\n|-ability|p1a: Calyrex|As One\n|-ability|p1a: Calyrex|Unnerve\n|-ability|p2b: Calyrex|As One\n|-ability|p2b: Calyrex|Unnerve\n|-fieldstart|move: Electric Terrain|[from] ability: Hadron Engine|[of] p2a: Miraidon\n|-fieldstart|move: Psychic Terrain|[from] ability: Psychic Surge|[of] p1b: Indeedee\n|-enditem|p1b: Indeedee|Psychic Seed\n|-boost|p1b: Indeedee|spd|1|[from] item: Psychic Seed\n|turn|1\n|\n|t:|1774262430\n|move|p1b: Indeedee|Follow Me|p1b: Indeedee\n|-singleturn|p1b: Indeedee|move: Follow Me\n|move|p2a: Miraidon|Volt Switch|p1b: Indeedee\n|-damage|p1b: Indeedee|78/100\n|\n|t:|1774262435\n|switch|p2a: Iron Hands|Iron Hands, L50|100/100|[from] Volt Switch\n|move|p1a: Calyrex|Imprison|p1a: Calyrex\n|-start|p1a: Calyrex|move: Imprison\n|move|p2b: Calyrex|Leech Seed|p1b: Indeedee\n|-start|p1b: Indeedee|move: Leech Seed\n|\n|-damage|p1b: Indeedee|65/100|[from] Leech Seed|[of] p2b: Calyrex\n|upkeep\n|turn|2\n|\n|t:|1774262451\n|switch|p1b: Tornadus|Tornadus, L50, M|100/100\n|-terastallize|p1a: Calyrex|Grass\n|move|p1a: Calyrex|Glacial Lance|p2b: Calyrex|[spread] p2a,p2b\n|-resisted|p2b: Calyrex\n|-damage|p2a: Iron Hands|67/100\n|-damage|p2b: Calyrex|86/100\n|move|p2a: Iron Hands|Low Kick|p1a: Calyrex\n|-damage|p1a: Calyrex|51/100\n|move|p2b: Calyrex|Leech Seed|p1a: Calyrex\n|-immune|p1a: Calyrex\n|\n|upkeep\n|turn|3\n|l|\u203dWawesome\n|inactive|Wawesome disconnected and has a minute to reconnect!\n|player|p2|\n|inactive|ScribbleScribble has 30 seconds left.\n|inactive|Wawesome has 30 seconds left.\n|inactive|ScribbleScribble has 20 seconds left.\n|inactive|Wawesome has 20 seconds left.\n|inactive|ScribbleScribble has 15 seconds left.\n|inactive|Wawesome has 15 seconds left.\n|inactive|ScribbleScribble has 10 seconds left.\n|inactive|Wawesome has 10 seconds left.\n|inactive|Wawesome has 5 seconds left.\n|-message|Wawesome lost due to inactivity.\n|\n|win|ScribbleScribble\n|raw|ScribbleScribble's rating: 1544 &rarr; <strong>1561</strong><br />(+17 for winning)\n|raw|Wawesome's rating: 1496 &rarr; <strong>1479</strong><br />(-17 for losing)\n|l|\u2606ScribbleScribble\n|player|p1|\n|j|\u203dWawesome\n|player|p2|Wawesome|1|\n|n|\u203dWawesome|wawesome\n","uploadtime":1774262683,"views":14,"formatid":"gen9vgc2026regi","rating":1479,"private":0,"password":null}