{"id":"gen9vgc2026regi-2577676836","format":"[Gen 9] VGC 2026 Reg I","players":["Collier5555","FRESHmustard"],"log":"|j|\u2606Collier5555\n|j|\u2606FRESHmustard\n|t:|1775595407\n|gametype|doubles\n|player|p1|Collier5555|102|1120\n|player|p2|FRESHmustard|265|1182\n|gen|9\n|tier|[Gen 9] VGC 2026 Reg I\n|rated|\n|rule|Species Clause: Limit one of each Pok\u00e9mon\n|rule|Item Clause: Limit 1 of each item\n|clearpoke\n|poke|p1|Calyrex-Shadow, L50|\n|poke|p1|Zamazenta-*, L50|\n|poke|p1|Decidueye-Hisui, L50, F|\n|poke|p1|Brambleghast, L50, F|\n|poke|p1|Magmar, L50, F|\n|poke|p1|Skarmory, L50, M|\n|poke|p2|Lunala, L50|\n|poke|p2|Ursaluna, L50, M|\n|poke|p2|Urshifu-*, L50, F|\n|poke|p2|Miraidon, L50|\n|poke|p2|Grimmsnarl, L50, M|\n|poke|p2|Incineroar, L50, M|\n|teampreview|4\n|inactive|Battle timer is ON: inactive players will automatically lose when time's up. (requested by FRESHmustard)\n|\n|t:|1775595456\n|teamsize|p1|4\n|teamsize|p2|4\n|start\n|switch|p1a: Calyrex|Calyrex-Shadow, L50|100/100\n|switch|p1b: Zamazenta|Zamazenta, L50|100/100\n|switch|p2a: Lunala|Lunala, L50|100/100\n|switch|p2b: Miraidon|Miraidon, L50|100/100\n|-ability|p1a: Calyrex|As One\n|-ability|p1a: Calyrex|Unnerve\n|-ability|p1b: Zamazenta|Dauntless Shield|boost\n|-boost|p1b: Zamazenta|def|1\n|-fieldstart|move: Electric Terrain|[from] ability: Hadron Engine|[of] p2b: Miraidon\n|-enditem|p2a: Lunala|Electric Seed\n|-boost|p2a: Lunala|def|1|[from] item: Electric Seed\n|turn|1\n|inactive|Collier5555 has 30 seconds left.\n|\n|t:|1775595482\n|switch|p2b: Ursaluna|Ursaluna, L50, M|100/100\n|-terastallize|p1a: Calyrex|Normal\n|-terastallize|p2a: Lunala|Fairy\n|move|p1b: Zamazenta|Iron Defense|p1b: Zamazenta\n|-boost|p1b: Zamazenta|def|2\n|move|p1a: Calyrex|Astral Barrage|p2a: Lunala|[spread] p2a\n|-immune|p2b: Ursaluna\n|-damage|p2a: Lunala|65/100\n|move|p2a: Lunala|Trick Room|p2a: Lunala\n|-fieldstart|move: Trick Room|[of] p2a: Lunala\n|\n|-status|p2b: Ursaluna|brn|[from] item: Flame Orb\n|-status|p1b: Zamazenta|brn|[from] item: Flame Orb\n|upkeep\n|turn|2\n|inactive|Collier5555 has 30 seconds left.\n|inactive|Collier5555 has 20 seconds left.\n|\n|t:|1775595521\n|switch|p1a: Brambleghast|Brambleghast, L50, F, shiny|100/100\n|move|p1b: Zamazenta|Wide Guard|p1b: Zamazenta\n|-singleturn|p1b: Zamazenta|Wide Guard\n|move|p2b: Ursaluna|Facade|p1a: Brambleghast\n|-immune|p1a: Brambleghast\n|move|p2a: Lunala|Moonblast|p1b: Zamazenta\n|-supereffective|p1b: Zamazenta\n|-damage|p1b: Zamazenta|0 fnt\n|faint|p1b: Zamazenta\n|\n|-damage|p2b: Ursaluna|95/100 brn|[from] brn\n|upkeep\n|\n|t:|1775595539\n|switch|p1b: Calyrex|Calyrex-Shadow, L50, tera:Normal|100/100\n|-ability|p1b: Calyrex|As One\n|-ability|p1b: Calyrex|Unnerve\n|turn|3\n|inactive|Collier5555 has 30 seconds left.\n|\n|t:|1775595564\n|move|p2b: Ursaluna|Facade|p1b: Calyrex\n|-damage|p1b: Calyrex|0 fnt\n|faint|p1b: Calyrex\n|move|p2a: Lunala|Moongeist Beam|p1a: Brambleghast\n|-supereffective|p1a: Brambleghast\n|-damage|p1a: Brambleghast|0 fnt\n|faint|p1a: Brambleghast\n|\n|-damage|p2b: Ursaluna|89/100 brn|[from] brn\n|upkeep\n|-message|Collier5555 forfeited.\n|\n|win|FRESHmustard\n|raw|Collier5555's rating: 1120 &rarr; <strong>1099</strong><br />(-21 for losing)\n|raw|FRESHmustard's rating: 1182 &rarr; <strong>1203</strong><br />(+21 for winning)\n|l|\u2606Collier5555\n|player|p1|\n|c|\u2606FRESHmustard|gg twin\n|l|\u2606FRESHmustard\n|player|p2|\n","uploadtime":1775595740,"views":4,"formatid":"gen9vgc2026regi","rating":1099,"private":0,"password":null}