{"id":"gen9vgc2026regi-2563337341","format":"[Gen 9] VGC 2026 Reg I","players":["1VLTSQ Joker","SeaWolfMikes"],"log":"|raw|<div class=\"broadcast-blue\"><strong>This battle is required to be public due to a player having a name starting with '1vltsq'.</div>\n|j|\u26061VLTSQ Joker\n|j|\u2606SeaWolfMikes\n|t:|1774017565\n|gametype|doubles\n|player|p1|1VLTSQ Joker|blue|1496\n|player|p2|SeaWolfMikes|ryuki|1564\n|gen|9\n|tier|[Gen 9] VGC 2026 Reg I\n|rated|\n|rule|Species Clause: Limit one of each Pok\u00e9mon\n|rule|Item Clause: Limit 1 of each item\n|clearpoke\n|poke|p1|Calyrex-Ice, L50|\n|poke|p1|Smeargle, L50, M|\n|poke|p1|Kyogre, L50|\n|poke|p1|Maushold, L50|\n|poke|p1|Volcarona, L50, M|\n|poke|p1|Chesnaught, L50, M|\n|poke|p2|Flutter Mane, L50|\n|poke|p2|Koraidon, L50|\n|poke|p2|Chi-Yu, L50|\n|poke|p2|Brute Bonnet, L50|\n|poke|p2|Lunala, L50|\n|poke|p2|Ursaluna, L50, F|\n|teampreview|4\n|\n|t:|1774017583\n|teamsize|p1|4\n|teamsize|p2|4\n|start\n|switch|p1a: Calyrex|Calyrex-Ice, L50|100/100\n|switch|p1b: Smeargle|Smeargle, L50, M|100/100\n|switch|p2a: Brute Bonnet|Brute Bonnet, L50|100/100\n|switch|p2b: Lunala|Lunala, L50|100/100\n|-ability|p1a: Calyrex|As One\n|-ability|p1a: Calyrex|Unnerve\n|turn|1\n|\n|t:|1774017589\n|-terastallize|p1a: Calyrex|Grass\n|-terastallize|p2a: Brute Bonnet|Water\n|move|p1b: Smeargle|Spore|p2b: Lunala\n|-status|p2b: Lunala|slp|[from] move: Spore\n|cant|p2b: Lunala|slp\n|move|p1a: Calyrex|Glacial Lance|p2a: Brute Bonnet|[spread] p2a,p2b\n|-resisted|p2a: Brute Bonnet\n|-crit|p2b: Lunala\n|-damage|p2a: Brute Bonnet|82/100\n|-damage|p2b: Lunala|69/100 slp\n|move|p2a: Brute Bonnet|Spore|p1b: Smeargle\n|-status|p1b: Smeargle|slp|[from] move: Spore\n|\n|-ability|p1b: Smeargle|Moody|boost\n|-boost|p1b: Smeargle|def|2\n|-unboost|p1b: Smeargle|spe|1\n|upkeep\n|turn|2\n|\n|t:|1774017613\n|-curestatus|p2b: Lunala|slp|[msg]\n|move|p2b: Lunala|Meteor Beam||[still]\n|-prepare|p2b: Lunala|Meteor Beam\n|-boost|p2b: Lunala|spa|1\n|-enditem|p2b: Lunala|Power Herb\n|-anim|p2b: Lunala|Meteor Beam|p1b: Smeargle\n|-enditem|p1b: Smeargle|Focus Sash\n|-damage|p1b: Smeargle|1/100 slp\n|cant|p1b: Smeargle|slp\n|move|p1a: Calyrex|Crunch|p2b: Lunala\n|-supereffective|p2b: Lunala\n|-damage|p2b: Lunala|0 fnt\n|faint|p2b: Lunala\n|-ability|p1a: Calyrex|Chilling Neigh|boost\n|-boost|p1a: Calyrex|atk|1\n|move|p2a: Brute Bonnet|Seed Bomb|p1b: Smeargle\n|-damage|p1b: Smeargle|0 fnt\n|faint|p1b: Smeargle\n|\n|upkeep\n|\n|t:|1774017628\n|switch|p1b: Maushold|Maushold, L50|100/100\n|switch|p2b: Ursaluna|Ursaluna, L50, F|100/100\n|turn|3\n|\n|t:|1774017647\n|move|p2b: Ursaluna|Protect|p2b: Ursaluna\n|-singleturn|p2b: Ursaluna|Protect\n|move|p1b: Maushold|Population Bomb|p2a: Brute Bonnet\n|-damage|p2a: Brute Bonnet|75/100\n|-damage|p2a: Brute Bonnet|68/100\n|-damage|p2a: Brute Bonnet|61/100\n|-damage|p2a: Brute Bonnet|54/100\n|-damage|p2a: Brute Bonnet|47/100\n|-damage|p2a: Brute Bonnet|39/100\n|-damage|p2a: Brute Bonnet|31/100\n|-damage|p2a: Brute Bonnet|24/100\n|-damage|p2a: Brute Bonnet|16/100\n|-hitcount|p2a: Brute Bonnet|9\n|move|p1a: Calyrex|Glacial Lance|p2b: Ursaluna|[spread] p2a\n|-activate|p2b: Ursaluna|move: Protect\n|-resisted|p2a: Brute Bonnet\n|-damage|p2a: Brute Bonnet|0 fnt\n|faint|p2a: Brute Bonnet\n|-end|p2a: Brute Bonnet|Protosynthesis|[silent]\n|-ability|p1a: Calyrex|Chilling Neigh|boost\n|-boost|p1a: Calyrex|atk|1\n|\n|-status|p2b: Ursaluna|brn|[from] item: Flame Orb\n|upkeep\n|-message|SeaWolfMikes forfeited.\n|\n|win|1VLTSQ Joker\n|raw|1VLTSQ Joker's rating: 1496 &rarr; <strong>1520</strong><br />(+24 for winning)\n|raw|SeaWolfMikes's rating: 1564 &rarr; <strong>1540</strong><br />(-24 for losing)\n|l|\u2606SeaWolfMikes\n|player|p2|\n|l|\u26061VLTSQ Joker\n|player|p1|\n","uploadtime":1774017861,"views":42,"formatid":"gen9vgc2026regi","rating":1520,"private":0,"password":null}