{"id":"gen9vgc2026regi-2590678623","format":"[Gen 9] VGC 2026 Reg I","players":["neil g kreo","Rillabossman"],"log":"|j|\u2606neil g kreo\n|j|\u203dRillabossman\n|t:|1776833446\n|gametype|doubles\n|player|p1|neil g kreo|1|1380\n|player|p2|Rillabossman|170|1562\n|gen|9\n|tier|[Gen 9] VGC 2026 Reg I\n|rated|\n|rule|Species Clause: Limit one of each Pok\u00e9mon\n|rule|Item Clause: Limit 1 of each item\n|clearpoke\n|poke|p1|Lunala, L50|\n|poke|p1|Calyrex-Ice, L50|\n|poke|p1|Chi-Yu, L50|\n|poke|p1|Conkeldurr, L50, M|\n|poke|p1|Ogerpon-Wellspring, L50, F|\n|poke|p1|Grimmsnarl, L50, M|\n|poke|p2|Zacian-*, L50|\n|poke|p2|Calyrex-Ice, L50|\n|poke|p2|Regidrago, L50|\n|poke|p2|Tornadus, L50, M|\n|poke|p2|Ogerpon-Wellspring, L50, F|\n|poke|p2|Chi-Yu, L50|\n|teampreview|4\n|\n|t:|1776833477\n|teamsize|p1|4\n|teamsize|p2|4\n|start\n|switch|p1a: Grimmsnarl|Grimmsnarl, L50, M|100/100\n|switch|p1b: Lunala|Lunala, L50|100/100\n|switch|p2a: Calyrex|Calyrex-Ice, L50|100/100\n|switch|p2b: Ogerpon|Ogerpon-Wellspring, L50, F|100/100\n|-ability|p2a: Calyrex|As One\n|-ability|p2a: Calyrex|Unnerve\n|turn|1\n|\n|t:|1776833498\n|-terastallize|p2a: Calyrex|Water\n|move|p2b: Ogerpon|Spiky Shield|p2b: Ogerpon\n|-singleturn|p2b: Ogerpon|move: Protect\n|move|p1a: Grimmsnarl|Reflect|p1a: Grimmsnarl\n|-sidestart|p1: neil g kreo|Reflect\n|move|p1b: Lunala|Moongeist Beam|p2a: Calyrex\n|-damage|p2a: Calyrex|68/100\n|move|p2a: Calyrex|Leech Seed|p1b: Lunala\n|-start|p1b: Lunala|move: Leech Seed\n|\n|-heal|p2a: Calyrex|74/100|[from] item: Leftovers\n|-damage|p1b: Lunala|88/100|[from] Leech Seed|[of] p2a: Calyrex\n|-heal|p2a: Calyrex|88/100|[silent]\n|upkeep\n|turn|2\n|\n|t:|1776833523\n|switch|p1b: Conkeldurr|Conkeldurr, L50, M|100/100\n|move|p1a: Grimmsnarl|Parting Shot|p2a: Calyrex\n|-unboost|p2a: Calyrex|atk|1\n|-unboost|p2a: Calyrex|spa|1\n|\n|t:|1776833530\n|switch|p1a: Lunala|Lunala, L50|88/100|[from] Parting Shot\n|move|p2b: Ogerpon|Ivy Cudgel|p1b: Conkeldurr|[anim] Ivy Cudgel Water\n|-damage|p1b: Conkeldurr|58/100\n|move|p2a: Calyrex|Glacial Lance|p1a: Lunala|[spread] p1a,p1b\n|-crit|p1b: Conkeldurr\n|-damage|p1a: Lunala|72/100\n|-damage|p1b: Conkeldurr|0 fnt\n|faint|p1b: Conkeldurr\n|-ability|p2a: Calyrex|Chilling Neigh|boost\n|-boost|p2a: Calyrex|atk|1\n|\n|-heal|p1a: Lunala|78/100|[from] item: Leftovers\n|-heal|p2a: Calyrex|94/100|[from] item: Leftovers\n|upkeep\n|-message|neil g kreo forfeited.\n|\n|win|Rillabossman\n|raw|neil g kreo's rating: 1380 &rarr; <strong>1370</strong><br />(-10 for losing)\n|raw|Rillabossman's rating: 1562 &rarr; <strong>1572</strong><br />(+10 for winning)\n|l|\u2606neil g kreo\n|player|p1|\n|l|\u203dRillabossman\n|player|p2|\n","uploadtime":1776833800,"views":11,"formatid":"gen9vgc2026regi","rating":1370,"private":0,"password":null}