{"id":"gen9vgc2026regi-2537232856","format":"[Gen 9] VGC 2026 Reg I","players":["501JFW","synchro1"],"log":"|j|\u2606501JFW\n|j|\u2606synchro1\n|t:|1770782361\n|gametype|doubles\n|player|p1|501JFW|101|1472\n|player|p2|synchro1|iris-gen5bw2|1366\n|gen|9\n|tier|[Gen 9] VGC 2026 Reg I\n|rated|\n|rule|Species Clause: Limit one of each Pok\u00e9mon\n|rule|Item Clause: Limit 1 of each item\n|clearpoke\n|poke|p1|Kyogre, L50|\n|poke|p1|Calyrex-Ice, L50|\n|poke|p1|Amoonguss, L50, M|\n|poke|p1|Iron Jugulis, L50|\n|poke|p1|Urshifu-*, L50, F|\n|poke|p1|Indeedee-F, L50, F|\n|poke|p2|Calyrex-Ice, L50|\n|poke|p2|Kyogre, L50|\n|poke|p2|Indeedee-F, L50, F|\n|poke|p2|Smeargle, L50, F|\n|poke|p2|Ditto, L50|\n|poke|p2|Landorus, L50, M|\n|teampreview|4\n|inactive|Battle timer is ON: inactive players will automatically lose when time's up. (requested by 501JFW)\n|inactive|synchro1 has 60 seconds left.\n|inactive|synchro1 has 30 seconds left.\n|\n|t:|1770782431\n|teamsize|p1|4\n|teamsize|p2|4\n|start\n|switch|p1a: Iron Jugulis|Iron Jugulis, L50, shiny|100/100\n|switch|p1b: Kyogre|Kyogre, L50, shiny|100/100\n|switch|p2a: Calyrex|Calyrex-Ice, L50|100/100\n|switch|p2b: Smeargle|Smeargle, L50, F|100/100\n|-ability|p2a: Calyrex|As One\n|-ability|p2a: Calyrex|Unnerve\n|-weather|RainDance|[from] ability: Drizzle|[of] p1b: Kyogre\n|-enditem|p1a: Iron Jugulis|Booster Energy\n|-activate|p1a: Iron Jugulis|ability: Quark Drive|[fromitem]\n|-start|p1a: Iron Jugulis|quarkdrivespe\n|turn|1\n|inactive|501JFW has 30 seconds left.\n|\n|t:|1770782463\n|-terastallize|p1a: Iron Jugulis|Steel\n|move|p2b: Smeargle|Fake Out|p1b: Kyogre\n|-damage|p1b: Kyogre|96/100\n|move|p1a: Iron Jugulis|Taunt|p2b: Smeargle\n|-start|p2b: Smeargle|move: Taunt\n|cant|p1b: Kyogre|flinch\n|move|p2a: Calyrex|Trick Room|p2a: Calyrex\n|-fieldstart|move: Trick Room|[of] p2a: Calyrex\n|\n|-weather|RainDance|[upkeep]\n|-ability|p2b: Smeargle|Moody|boost\n|-boost|p2b: Smeargle|def|2\n|-unboost|p2b: Smeargle|atk|1\n|-enditem|p2b: Smeargle|Eject Pack\n|upkeep\n|-message|501JFW forfeited.\n|\n|win|synchro1\n|raw|501JFW's rating: 1472 &rarr; <strong>1446</strong><br />(-26 for losing)\n|raw|synchro1's rating: 1366 &rarr; <strong>1392</strong><br />(+26 for winning)\n|l|\u2606501JFW\n|player|p1|\n|l|\u2606synchro1\n|player|p2|\n","uploadtime":1770782690,"views":16,"formatid":"gen9vgc2026regi","rating":1392,"private":0,"password":null}