{"id":"gen9vgc2026regi-2544325850","format":"[Gen 9] VGC 2026 Reg I","players":["dirk2202","VJ2511"],"log":"|j|\u2606dirk2202\n|j|\u2606VJ2511\n|t:|1771693969\n|gametype|doubles\n|player|p1|dirk2202|169|1484\n|player|p2|VJ2511|red-masters3|1504\n|gen|9\n|tier|[Gen 9] VGC 2026 Reg I\n|rated|\n|rule|Species Clause: Limit one of each Pok\u00e9mon\n|rule|Item Clause: Limit 1 of each item\n|clearpoke\n|poke|p1|Groudon, L50|\n|poke|p1|Calyrex-Ice, L50|\n|poke|p1|Walking Wake, L50|\n|poke|p1|Urshifu-*, L50, M|\n|poke|p1|Smeargle, L50, F|\n|poke|p1|Brute Bonnet, L50|\n|poke|p2|Calyrex-Shadow, L50|\n|poke|p2|Koraidon, L50|\n|poke|p2|Flutter Mane, L50|\n|poke|p2|Incineroar, L50, F|\n|poke|p2|Rillaboom, L50, F|\n|poke|p2|Clefairy, L50, F|\n|teampreview|4\n|inactive|Battle timer is ON: inactive players will automatically lose when time's up. (requested by dirk2202)\n|inactive|VJ2511 has 60 seconds left.\n|\n|t:|1771694012\n|teamsize|p1|4\n|teamsize|p2|4\n|start\n|switch|p1a: Walking Wake|Walking Wake, L50|100/100\n|switch|p1b: Groudon|Groudon, L50|100/100\n|switch|p2a: Calyrex|Calyrex-Shadow, L50|100/100\n|switch|p2b: Flutter Mane|Flutter Mane, L50|100/100\n|-ability|p2a: Calyrex|As One\n|-ability|p2a: Calyrex|Unnerve\n|-weather|SunnyDay|[from] ability: Drought|[of] p1b: Groudon\n|-activate|p2b: Flutter Mane|ability: Protosynthesis\n|-start|p2b: Flutter Mane|protosynthesisspe\n|-activate|p1a: Walking Wake|ability: Protosynthesis\n|-start|p1a: Walking Wake|protosynthesisspe\n|turn|1\n|inactive|dirk2202 has 30 seconds left.\n|inactive|VJ2511 has 30 seconds left.\n|\n|t:|1771694039\n|switch|p1b: Brute Bonnet|Brute Bonnet, L50|100/100\n|-activate|p1b: Brute Bonnet|ability: Protosynthesis\n|-start|p1b: Brute Bonnet|protosynthesisdef\n|-terastallize|p1a: Walking Wake|Water\n|move|p2b: Flutter Mane|Icy Wind|p1a: Walking Wake|[spread] p1a,p1b\n|-resisted|p1a: Walking Wake\n|-supereffective|p1b: Brute Bonnet\n|-damage|p1a: Walking Wake|95/100\n|-damage|p1b: Brute Bonnet|80/100\n|-unboost|p1a: Walking Wake|spe|1\n|move|p2a: Calyrex|Astral Barrage|p1a: Walking Wake|[spread] p1a,p1b\n|-resisted|p1b: Brute Bonnet\n|-damage|p1a: Walking Wake|36/100\n|-damage|p1b: Brute Bonnet|52/100\n|-damage|p2a: Calyrex|91/100|[from] item: Life Orb\n|move|p1a: Walking Wake|Snarl|p2b: Flutter Mane|[spread] p2a,p2b\n|-supereffective|p2a: Calyrex\n|-damage|p2a: Calyrex|40/100\n|-damage|p2b: Flutter Mane|85/100\n|-unboost|p2a: Calyrex|spa|1\n|-unboost|p2b: Flutter Mane|spa|1\n|\n|-weather|SunnyDay|[upkeep]\n|upkeep\n|turn|2\n|inactive|dirk2202 has 30 seconds left.\n|inactive|dirk2202 has 20 seconds left.\n|\n|t:|1771694078\n|-terastallize|p2a: Calyrex|Dark\n|move|p2b: Flutter Mane|Moonblast|p1b: Brute Bonnet\n|-supereffective|p1b: Brute Bonnet\n|-damage|p1b: Brute Bonnet|5/100\n|move|p2a: Calyrex|Astral Barrage|p1a: Walking Wake|[spread] p1a,p1b\n|-resisted|p1b: Brute Bonnet\n|-damage|p1a: Walking Wake|0 fnt\n|-damage|p1b: Brute Bonnet|0 fnt\n|faint|p1a: Walking Wake\n|-end|p1a: Walking Wake|Protosynthesis|[silent]\n|faint|p1b: Brute Bonnet\n|-end|p1b: Brute Bonnet|Protosynthesis|[silent]\n|-ability|p2a: Calyrex|Grim Neigh|boost\n|-boost|p2a: Calyrex|spa|2\n|-damage|p2a: Calyrex|30/100|[from] item: Life Orb\n|\n|-weather|SunnyDay|[upkeep]\n|upkeep\n|-message|dirk2202 forfeited.\n|\n|win|VJ2511\n|raw|dirk2202's rating: 1484 &rarr; <strong>1465</strong><br />(-19 for losing)\n|raw|VJ2511's rating: 1504 &rarr; <strong>1523</strong><br />(+19 for winning)\n|l|\u2606dirk2202\n|player|p1|\n|l|\u2606VJ2511\n|player|p2|\n","uploadtime":1771694331,"views":17,"formatid":"gen9vgc2026regi","rating":1465,"private":0,"password":null}