{"id":"gen9vgc2026regi-2588618355","format":"[Gen 9] VGC 2026 Reg I","players":["uBlueziin__","Glaceon_1740"],"log":"|j|\u2606uBlueziin__\n|j|\u203dGlaceon_1740\n|t:|1776650637\n|gametype|doubles\n|player|p1|uBlueziin__|hilbert|1191\n|player|p2|Glaceon_1740|dawn-gen4pt|1247\n|gen|9\n|tier|[Gen 9] VGC 2026 Reg I\n|rated|\n|rule|Species Clause: Limit one of each Pok\u00e9mon\n|rule|Item Clause: Limit 1 of each item\n|clearpoke\n|poke|p1|Ursaluna, L50, F|\n|poke|p1|Indeedee-F, L50, F|\n|poke|p1|Hatterene, L50, F|\n|poke|p1|Iron Hands, L50|\n|poke|p1|Sinistcha-Masterpiece, L50|\n|poke|p1|Milotic, L50, F|\n|poke|p2|Meowscarada, L50, F|\n|poke|p2|Murkrow, L50, M|\n|poke|p2|Kyogre, L50|\n|poke|p2|Zacian-*, L50|\n|poke|p2|Incineroar, L50, F|\n|poke|p2|Rillaboom, L50, F|\n|teampreview|4\n|inactive|Battle timer is ON: inactive players will automatically lose when time's up. (requested by Glaceon_1740)\n|\n|t:|1776650665\n|teamsize|p1|4\n|teamsize|p2|4\n|start\n|switch|p1a: Peixe|Milotic, L50, F|100/100\n|switch|p1b: Estrupicia|Hatterene, L50, F|100/100\n|switch|p2a: Meowscarada|Meowscarada, L50, F|100/100\n|switch|p2b: Kyogre|Kyogre, L50|100/100\n|-weather|RainDance|[from] ability: Drizzle|[of] p2b: Kyogre\n|turn|1\n|\n|t:|1776650688\n|move|p2a: Meowscarada|Flower Trick|p1a: Peixe\n|-start|p2a: Meowscarada|typechange|Grass|[from] ability: Protean\n|-supereffective|p1a: Peixe\n|-crit|p1a: Peixe\n|-damage|p1a: Peixe|22/100\n|-enditem|p1a: Peixe|Sitrus Berry|[eat]\n|-heal|p1a: Peixe|47/100|[from] item: Sitrus Berry\n|move|p2b: Kyogre|Water Spout|p1b: Estrupicia|[spread] p1a,p1b\n|-resisted|p1a: Peixe\n|-damage|p1a: Peixe|9/100\n|-damage|p1b: Estrupicia|0 fnt\n|faint|p1b: Estrupicia\n|move|p1a: Peixe|Ice Beam|p2a: Meowscarada\n|-supereffective|p2a: Meowscarada\n|-damage|p2a: Meowscarada|46/100\n|\n|-weather|RainDance|[upkeep]\n|upkeep\n|\n|t:|1776650703\n|switch|p1b: Prenha|Indeedee-F, L50, F, shiny|100/100\n|-fieldstart|move: Psychic Terrain|[from] ability: Psychic Surge|[of] p1b: Prenha\n|-enditem|p1b: Prenha|Psychic Seed\n|-boost|p1b: Prenha|spd|1|[from] item: Psychic Seed\n|turn|2\n|\n|t:|1776650720\n|move|p1a: Peixe|Protect|p1a: Peixe\n|-singleturn|p1a: Peixe|Protect\n|move|p2a: Meowscarada|Flower Trick|p1b: Prenha\n|-crit|p1b: Prenha\n|-damage|p1b: Prenha|42/100\n|move|p2b: Kyogre|Water Spout|p1b: Prenha|[spread] p1b\n|-activate|p1a: Peixe|move: Protect\n|-damage|p1b: Prenha|0 fnt\n|faint|p1b: Prenha\n|\n|-weather|RainDance|[upkeep]\n|upkeep\n|\n|t:|1776650731\n|switch|p1b: Luninha|Ursaluna, L50, F|100/100\n|turn|3\n|\n|t:|1776650746\n|move|p1b: Luninha|Protect|p1b: Luninha\n|-singleturn|p1b: Luninha|Protect\n|move|p2a: Meowscarada|Flower Trick|p1b: Luninha\n|-activate|p1b: Luninha|move: Protect\n|move|p2b: Kyogre|Water Spout|p1b: Luninha|[spread] p1a\n|-activate|p1b: Luninha|move: Protect\n|-resisted|p1a: Peixe\n|-damage|p1a: Peixe|0 fnt\n|faint|p1a: Peixe\n|\n|-weather|RainDance|[upkeep]\n|-status|p1b: Luninha|brn|[from] item: Flame Orb\n|upkeep\n|turn|4\n|\n|t:|1776650766\n|-terastallize|p2a: Meowscarada|Stellar\n|-terastallize|p1b: Luninha|Normal\n|move|p2a: Meowscarada|Flower Trick|p1b: Luninha\n|-crit|p1b: Luninha\n|-damage|p1b: Luninha|46/100 brn\n|move|p2b: Kyogre|Water Spout|p1b: Luninha\n|-damage|p1b: Luninha|0 fnt\n|faint|p1b: Luninha\n|\n|win|Glaceon_1740\n|raw|uBlueziin__'s rating: 1191 &rarr; <strong>1170</strong><br />(-21 for losing)\n|raw|Glaceon_1740's rating: 1247 &rarr; <strong>1268</strong><br />(+21 for winning)\n|l|\u2606uBlueziin__\n|player|p1|\n|l|\u203dGlaceon_1740\n|player|p2|\n","uploadtime":1776651032,"views":6,"formatid":"gen9vgc2026regi","rating":1170,"private":0,"password":null}