{"id":"gen9vgc2026regi-2570065088","format":"[Gen 9] VGC 2026 Reg I","players":["1VLTSQ Joker","CidKagenou87"],"log":"|raw|<div class=\"broadcast-blue\"><strong>This battle is required to be public due to a player having a name starting with '1vltsq'.</div>\n|j|\u26061VLTSQ Joker\n|j|\u2606CidKagenou87\n|t:|1774764044\n|gametype|doubles\n|player|p1|1VLTSQ Joker|blue|1608\n|player|p2|CidKagenou87|n|1469\n|gen|9\n|tier|[Gen 9] VGC 2026 Reg I\n|rated|\n|rule|Species Clause: Limit one of each Pok\u00e9mon\n|rule|Item Clause: Limit 1 of each item\n|clearpoke\n|poke|p1|Calyrex-Ice, L50|\n|poke|p1|Smeargle, L50, F|\n|poke|p1|Kyogre, L50|\n|poke|p1|Maushold, L50|\n|poke|p1|Volcarona, L50, F|\n|poke|p1|Flamigo, L50, F|\n|poke|p2|Kyurem-Black, L50|\n|poke|p2|Gouging Fire, L50|\n|poke|p2|Groudon, L50|\n|poke|p2|Roaring Moon, L50|\n|poke|p2|Ditto, L50|\n|poke|p2|Flutter Mane, L50|\n|teampreview|4\n|inactive|Battle timer is ON: inactive players will automatically lose when time's up. (requested by CidKagenou87)\n|j| Moineboueux\n|c|\u2606CidKagenou87|Glhf\n|inactive|1VLTSQ Joker has 60 seconds left.\n|inactive|CidKagenou87 has 60 seconds left.\n|\n|t:|1774764084\n|teamsize|p1|4\n|teamsize|p2|4\n|start\n|switch|p1a: Calyrex|Calyrex-Ice, L50|100/100\n|switch|p1b: Smeargle|Smeargle, L50, F|100/100\n|switch|p2a: Kyurem|Kyurem-Black, L50|100/100\n|switch|p2b: Gouging Fire|Gouging Fire, L50|100/100\n|-ability|p1a: Calyrex|As One\n|-ability|p1a: Calyrex|Unnerve\n|-ability|p2a: Kyurem|Teravolt\n|turn|1\n|inactive|1VLTSQ Joker has 30 seconds left.\n|inactive|1VLTSQ Joker has 20 seconds left.\n|\n|t:|1774764121\n|move|p1b: Smeargle|Fake Out|p2a: Kyurem\n|-damage|p2a: Kyurem|96/100\n|move|p2b: Gouging Fire|Howl|p2b: Gouging Fire|[spread] p2a,p2b\n|-boost|p2a: Kyurem|atk|1\n|-boost|p2b: Gouging Fire|atk|1\n|cant|p2a: Kyurem|flinch\n|move|p1a: Calyrex|Glacial Lance|p2a: Kyurem|[spread] p2a,p2b\n|-damage|p2a: Kyurem|50/100\n|-damage|p2b: Gouging Fire|62/100\n|\n|-ability|p1b: Smeargle|Moody|boost\n|-boost|p1b: Smeargle|spa|2\n|-unboost|p1b: Smeargle|spd|1\n|upkeep\n|turn|2\n|\n|t:|1774764142\n|move|p1b: Smeargle|Follow Me|p1b: Smeargle\n|-singleturn|p1b: Smeargle|move: Follow Me\n|move|p2b: Gouging Fire|Howl|p2b: Gouging Fire|[spread] p2a,p2b\n|-boost|p2a: Kyurem|atk|1\n|-boost|p2b: Gouging Fire|atk|1\n|move|p2a: Kyurem|Icicle Spear|p1b: Smeargle\n|-damage|p1b: Smeargle|18/100\n|-damage|p1b: Smeargle|0 fnt\n|faint|p1b: Smeargle\n|-hitcount|p1: Smeargle|2\n|move|p1a: Calyrex|Glacial Lance|p2a: Kyurem|[spread] p2a,p2b\n|-damage|p2a: Kyurem|11/100\n|-damage|p2b: Gouging Fire|24/100\n|\n|upkeep\n|\n|t:|1774764149\n|switch|p1b: Kyogre|Kyogre, L50|100/100\n|-weather|RainDance|[from] ability: Drizzle|[of] p1b: Kyogre\n|turn|3\n|\n|t:|1774764155\n|-terastallize|p1b: Kyogre|Water\n|move|p2a: Kyurem|Protect|p2a: Kyurem\n|-singleturn|p2a: Kyurem|Protect\n|move|p1b: Kyogre|Water Spout|p2a: Kyurem|[spread] p2b\n|-activate|p2a: Kyurem|move: Protect\n|-damage|p2b: Gouging Fire|0 fnt\n|faint|p2b: Gouging Fire\n|-end|p2b: Gouging Fire|Protosynthesis|[silent]\n|move|p1a: Calyrex|Glacial Lance|p2a: Kyurem\n|-activate|p2a: Kyurem|move: Protect\n|\n|-weather|RainDance|[upkeep]\n|upkeep\n|\n|t:|1774764159\n|switch|p2b: Groudon|Groudon, L50|100/100\n|-weather|SunnyDay|[from] ability: Drought|[of] p2b: Groudon\n|turn|4\n|\n|t:|1774764177\n|-terastallize|p2b: Groudon|Fire\n|move|p1b: Kyogre|Water Spout|p2a: Kyurem|[spread] p2a,p2b\n|-resisted|p2a: Kyurem\n|-supereffective|p2b: Groudon\n|-crit|p2b: Groudon\n|-damage|p2a: Kyurem|0 fnt\n|-damage|p2b: Groudon|0 fnt\n|faint|p2a: Kyurem\n|faint|p2b: Groudon\n|move|p1a: Calyrex|Glacial Lance|p2: Kyurem|[notarget]\n|-fail|p1a: Calyrex\n|\n|-weather|SunnyDay|[upkeep]\n|upkeep\n|-message|CidKagenou87 forfeited.\n|\n|win|1VLTSQ Joker\n|raw|1VLTSQ Joker's rating: 1608 &rarr; <strong>1620</strong><br />(+12 for winning)\n|raw|CidKagenou87's rating: 1469 &rarr; <strong>1457</strong><br />(-12 for losing)\n|l|\u2606CidKagenou87\n|player|p2|\n|l| Moineboueux\n|l|\u26061VLTSQ Joker\n|player|p1|\n","uploadtime":1774764382,"views":21,"formatid":"gen9vgc2026regi","rating":1457,"private":0,"password":null}