{"id":"gen9vgc2026regi-2540574424","format":"[Gen 9] VGC 2026 Reg I","players":["wuyyy","501JFW"],"log":"|j|\u2606wuyyy\n|j|\u2606501JFW\n|t:|1771220344\n|gametype|doubles\n|player|p1|wuyyy|2|1428\n|player|p2|501JFW|266|1539\n|gen|9\n|tier|[Gen 9] VGC 2026 Reg I\n|rated|\n|rule|Species Clause: Limit one of each Pok\u00e9mon\n|rule|Item Clause: Limit 1 of each item\n|clearpoke\n|poke|p1|Calyrex-Shadow, L50|\n|poke|p1|Koraidon, L50|\n|poke|p1|Smeargle, L50, F|\n|poke|p1|Indeedee-F, L50, F|\n|poke|p1|Muk-Alola, L50, M|\n|poke|p1|Flamigo, L50, F|\n|poke|p2|Kyogre, L50|\n|poke|p2|Calyrex-Ice, L50|\n|poke|p2|Amoonguss, L50, F|\n|poke|p2|Iron Jugulis, L50|\n|poke|p2|Urshifu-*, L50, M|\n|poke|p2|Indeedee-F, L50, F|\n|teampreview|4\n|inactive|Battle timer is ON: inactive players will automatically lose when time's up. (requested by wuyyy)\n|inactive|wuyyy has 60 seconds left.\n|inactive|501JFW has 60 seconds left.\n|\n|t:|1771220398\n|teamsize|p1|4\n|teamsize|p2|4\n|start\n|switch|p1a: Calyrex|Calyrex-Shadow, L50|100/100\n|switch|p1b: Smeargle|Smeargle, L50, F|100/100\n|switch|p2a: Iron Jugulis|Iron Jugulis, L50, shiny|100/100\n|switch|p2b: Calyrex|Calyrex-Ice, L50|100/100\n|-ability|p1a: Calyrex|As One\n|-ability|p1a: Calyrex|Unnerve\n|-ability|p2b: Calyrex|As One\n|-ability|p2b: Calyrex|Unnerve\n|-enditem|p2a: Iron Jugulis|Booster Energy\n|-activate|p2a: Iron Jugulis|ability: Quark Drive|[fromitem]\n|-start|p2a: Iron Jugulis|quarkdrivespe\n|turn|1\n|\n|t:|1771220418\n|-terastallize|p1a: Calyrex|Ghost\n|-terastallize|p2b: Calyrex|Grass\n|move|p1b: Smeargle|Fake Out|p2a: Iron Jugulis\n|-damage|p2a: Iron Jugulis|96/100\n|cant|p2a: Iron Jugulis|flinch\n|move|p1a: Calyrex|Astral Barrage|p2a: Iron Jugulis|[spread] p2a,p2b\n|-resisted|p2a: Iron Jugulis\n|-damage|p2a: Iron Jugulis|40/100\n|-damage|p2b: Calyrex|39/100\n|move|p2b: Calyrex|Glacial Lance|p1b: Smeargle|[spread] p1a,p1b\n|-damage|p1a: Calyrex|19/100\n|-enditem|p1b: Smeargle|Focus Sash\n|-damage|p1b: Smeargle|1/100\n|\n|-ability|p1b: Smeargle|Moody|boost\n|-boost|p1b: Smeargle|spd|2\n|-unboost|p1b: Smeargle|spe|1\n|upkeep\n|turn|2\n|inactive|501JFW has 30 seconds left.\n|inactive|501JFW has 20 seconds left.\n|inactive|501JFW has 15 seconds left.\n|inactive|501JFW has 10 seconds left.\n|\n|t:|1771220464\n|move|p1b: Smeargle|Wide Guard|p1b: Smeargle\n|-singleturn|p1b: Smeargle|Wide Guard\n|move|p2a: Iron Jugulis|Snarl|p1a: Calyrex|[spread] \n|-activate|p1a: Calyrex|move: Wide Guard\n|-activate|p1b: Smeargle|move: Wide Guard\n|move|p1a: Calyrex|Astral Barrage|p2a: Iron Jugulis|[spread] p2a,p2b\n|-resisted|p2a: Iron Jugulis\n|-damage|p2a: Iron Jugulis|0 fnt\n|-damage|p2b: Calyrex|0 fnt\n|faint|p2a: Iron Jugulis\n|-end|p2a: Iron Jugulis|Quark Drive|[silent]\n|faint|p2b: Calyrex\n|-ability|p1a: Calyrex|Grim Neigh|boost\n|-boost|p1a: Calyrex|spa|2\n|\n|-ability|p1b: Smeargle|Moody|boost\n|-boost|p1b: Smeargle|def|2\n|-unboost|p1b: Smeargle|spa|1\n|upkeep\n|-message|501JFW forfeited.\n|\n|win|wuyyy\n|raw|wuyyy's rating: 1428 &rarr; <strong>1454</strong><br />(+26 for winning)\n|raw|501JFW's rating: 1539 &rarr; <strong>1513</strong><br />(-26 for losing)\n|l|\u2606501JFW\n|player|p2|\n|l|\u2606wuyyy\n|player|p1|\n","uploadtime":1771220622,"views":36,"formatid":"gen9vgc2026regi","rating":1454,"private":0,"password":null}