{"id":"gen9vgc2026regi-2581771698","format":"[Gen 9] VGC 2026 Reg I","players":["Vomit247","Praguesheevp"],"log":"|j|\u2606Vomit247\n|j|\u2606Praguesheevp\n|t:|1776027157\n|gametype|doubles\n|player|p1|Vomit247|2|1338\n|player|p2|Praguesheevp|170|1481\n|gen|9\n|tier|[Gen 9] VGC 2026 Reg I\n|rated|\n|rule|Species Clause: Limit one of each Pok\u00e9mon\n|rule|Item Clause: Limit 1 of each item\n|clearpoke\n|poke|p1|Koraidon, L50|\n|poke|p1|Calyrex-Shadow, L50|\n|poke|p1|Flutter Mane, L50|\n|poke|p1|Incineroar, L50, F|\n|poke|p1|Clefairy, L50, F|\n|poke|p1|Rillaboom, L50, F|\n|poke|p2|Calyrex-Ice, L50|\n|poke|p2|Kyogre, L50|\n|poke|p2|Smeargle, L50, M|\n|poke|p2|Roaring Moon, L50|\n|poke|p2|Landorus, L50, M|\n|poke|p2|Ogerpon-Cornerstone, L50, F|\n|teampreview|4\n|\n|t:|1776027181\n|teamsize|p1|4\n|teamsize|p2|4\n|start\n|switch|p1a: Incineroar|Incineroar, L50, F|100/100\n|switch|p1b: Flutter Mane|Flutter Mane, L50|100/100\n|switch|p2a: Smeargle|Smeargle, L50, M|100/100\n|switch|p2b: Landorus|Landorus, L50, M|100/100\n|-ability|p1a: Incineroar|Intimidate|boost\n|-unboost|p2a: Smeargle|atk|1\n|-unboost|p2b: Landorus|atk|1\n|turn|1\n|inactive|Battle timer is ON: inactive players will automatically lose when time's up. (requested by Vomit247)\n|inactive|Vomit247 has 60 seconds left.\n|\n|t:|1776027219\n|move|p1a: Incineroar|Helping Hand|p1b: Flutter Mane\n|-singleturn|p1b: Flutter Mane|Helping Hand|[of] p1a: Incineroar\n|move|p2a: Smeargle|Fake Out|p1a: Incineroar\n|-damage|p1a: Incineroar|96/100\n|move|p1b: Flutter Mane|Icy Wind|p2b: Landorus|[spread] p2a,p2b\n|-supereffective|p2b: Landorus\n|-damage|p2a: Smeargle|52/100\n|-damage|p2b: Landorus|0 fnt\n|-unboost|p2a: Smeargle|spe|1\n|faint|p2b: Landorus\n|\n|upkeep\n|\n|t:|1776027226\n|switch|p2b: Calyrex|Calyrex-Ice, L50|100/100\n|-ability|p2b: Calyrex|As One\n|-ability|p2b: Calyrex|Unnerve\n|turn|2\n|inactive|Vomit247 has 30 seconds left.\n|j| Bubsnz\n|inactive|Vomit247 has 20 seconds left.\n|\n|t:|1776027264\n|-terastallize|p2b: Calyrex|Fairy\n|move|p1b: Flutter Mane|Moonblast|p2a: Smeargle\n|-damage|p2a: Smeargle|0 fnt\n|faint|p2a: Smeargle\n|move|p1a: Incineroar|U-turn|p2b: Calyrex\n|-resisted|p2b: Calyrex\n|-crit|p2b: Calyrex\n|-damage|p2b: Calyrex|92/100\n|\n|t:|1776027273\n|switch|p1a: Calyrex|Calyrex-Shadow, L50|100/100|[from] U-turn\n|-ability|p1a: Calyrex|As One\n|-ability|p1a: Calyrex|Unnerve\n|move|p2b: Calyrex|Glacial Lance|p1a: Calyrex|[spread] p1a,p1b\n|-damage|p1a: Calyrex|37/100\n|-enditem|p1b: Flutter Mane|Focus Sash\n|-damage|p1b: Flutter Mane|1/100\n|\n|-heal|p2b: Calyrex|98/100|[from] item: Leftovers\n|upkeep\n|\n|t:|1776027283\n|switch|p2a: Roaring Moon|Roaring Moon, L50|100/100\n|-enditem|p2a: Roaring Moon|Booster Energy\n|-activate|p2a: Roaring Moon|ability: Protosynthesis|[fromitem]\n|-start|p2a: Roaring Moon|protosynthesisspe\n|turn|3\n|inactive|Vomit247 has 30 seconds left.\n|inactive|Vomit247 has 20 seconds left.\n|\n|t:|1776027323\n|move|p2a: Roaring Moon|Protect|p2a: Roaring Moon\n|-singleturn|p2a: Roaring Moon|Protect\n|move|p1b: Flutter Mane|Protect|p1b: Flutter Mane\n|-singleturn|p1b: Flutter Mane|Protect\n|move|p1a: Calyrex|Astral Barrage|p2a: Roaring Moon|[spread] p2b\n|-activate|p2a: Roaring Moon|move: Protect\n|-damage|p2b: Calyrex|48/100\n|-damage|p1a: Calyrex|28/100|[from] item: Life Orb\n|move|p2b: Calyrex|Glacial Lance|p1b: Flutter Mane|[spread] p1a\n|-activate|p1b: Flutter Mane|move: Protect\n|-crit|p1a: Calyrex\n|-damage|p1a: Calyrex|0 fnt\n|faint|p1a: Calyrex\n|-ability|p2b: Calyrex|Chilling Neigh|boost\n|-boost|p2b: Calyrex|atk|1\n|\n|-heal|p2b: Calyrex|54/100|[from] item: Leftovers\n|upkeep\n|\n|t:|1776027336\n|switch|p1a: Koraidon|Koraidon, L50|100/100\n|-weather|SunnyDay|[from] ability: Orichalcum Pulse|[of] p1a: Koraidon\n|-activate|p1b: Flutter Mane|ability: Protosynthesis\n|-start|p1b: Flutter Mane|protosynthesisspe\n|-activate|p1a: Koraidon|Orichalcum Pulse|[source]\n|turn|4\n|\n|t:|1776027358\n|-terastallize|p1a: Koraidon|Fire\n|move|p2a: Roaring Moon|Protect||[still]\n|-fail|p2a: Roaring Moon\n|move|p1b: Flutter Mane|Moonblast|p2a: Roaring Moon\n|-supereffective|p2a: Roaring Moon\n|-damage|p2a: Roaring Moon|0 fnt\n|faint|p2a: Roaring Moon\n|-end|p2a: Roaring Moon|Protosynthesis|[silent]\n|move|p1a: Koraidon|Flare Blitz|p2b: Calyrex\n|-damage|p2b: Calyrex|0 fnt\n|faint|p2b: Calyrex\n|-damage|p1a: Koraidon|82/100|[from] Recoil\n|\n|win|Vomit247\n|raw|Vomit247's rating: 1338 &rarr; <strong>1366</strong><br />(+28 for winning)\n|raw|Praguesheevp's rating: 1481 &rarr; <strong>1453</strong><br />(-28 for losing)\n|l|\u2606Praguesheevp\n|player|p2|\n|l|\u2606Vomit247\n|player|p1|\n|l| Bubsnz\n","uploadtime":1776027532,"views":14,"formatid":"gen9vgc2026regi","rating":1366,"private":0,"password":null}