{"id":"gen9vgc2026regi-2589020864","format":"[Gen 9] VGC 2026 Reg I","players":["jed54321","pigduckeater"],"log":"|j|\u2606jed54321\n|j|\u2606pigduckeater\n|t:|1776694317\n|gametype|doubles\n|player|p1|jed54321|1|1473\n|player|p2|pigduckeater|102|1510\n|gen|9\n|tier|[Gen 9] VGC 2026 Reg I\n|rated|\n|rule|Species Clause: Limit one of each Pok\u00e9mon\n|rule|Item Clause: Limit 1 of each item\n|clearpoke\n|poke|p1|Calyrex-Shadow, L50|\n|poke|p1|Zamazenta-*, L50|\n|poke|p1|Chien-Pao, L50|\n|poke|p1|Dragonite, L50, M|\n|poke|p1|Raging Bolt, L50|\n|poke|p1|Amoonguss, L50, F|\n|poke|p2|Kyogre, L50|\n|poke|p2|Sableye, L50, M|\n|poke|p2|Calyrex-Ice, L50|\n|poke|p2|Ditto, L50|\n|poke|p2|Amoonguss, L50, F|\n|poke|p2|Urshifu-*, L50, F|\n|teampreview|4\n|\n|t:|1776694362\n|teamsize|p1|4\n|teamsize|p2|4\n|start\n|switch|p1a: PinkPonyClub|Calyrex-Shadow, L50|100/100\n|switch|p1b: Verizon|Amoonguss, L50, F|100/100\n|switch|p2a: Kyogre|Kyogre, L50|100/100\n|switch|p2b: Sableye|Sableye, L50, M|100/100\n|-ability|p1a: PinkPonyClub|As One\n|-ability|p1a: PinkPonyClub|Unnerve\n|-weather|RainDance|[from] ability: Drizzle|[of] p2a: Kyogre\n|turn|1\n|\n|t:|1776694383\n|-terastallize|p2a: Kyogre|Grass\n|move|p2b: Sableye|Light Screen|p2b: Sableye\n|-sidestart|p2: pigduckeater|move: Light Screen\n|move|p1a: PinkPonyClub|Astral Barrage|p2b: Sableye|[spread] p2a,p2b\n|-damage|p2a: Kyogre|76/100\n|-damage|p2b: Sableye|40/100\n|move|p2a: Kyogre|Thunder Wave|p1a: PinkPonyClub\n|-status|p1a: PinkPonyClub|par\n|move|p1b: Verizon|Spore|p2a: Kyogre\n|-immune|p2a: Kyogre\n|\n|-weather|RainDance|[upkeep]\n|upkeep\n|turn|2\n|\n|t:|1776694408\n|move|p2b: Sableye|Reflect|p2b: Sableye\n|-sidestart|p2: pigduckeater|Reflect\n|move|p2a: Kyogre|Origin Pulse|p1b: Verizon|[spread] p1a,p1b\n|-resisted|p1b: Verizon\n|-damage|p1a: PinkPonyClub|32/100 par\n|-damage|p1b: Verizon|73/100\n|cant|p1a: PinkPonyClub|par\n|move|p1b: Verizon|Spore|p2b: Sableye\n|-status|p2b: Sableye|slp|[from] move: Spore\n|\n|-weather|RainDance|[upkeep]\n|upkeep\n|turn|3\n|\n|t:|1776694423\n|switch|p2b: Amoonguss|Amoonguss, L50, F|100/100\n|switch|p1b: protec|Zamazenta-Crowned, L50|100/100\n|-ability|p1b: protec|Dauntless Shield|boost\n|-boost|p1b: protec|def|1\n|cant|p1a: PinkPonyClub|par\n|move|p2a: Kyogre|Origin Pulse|p1a: PinkPonyClub|[spread] p1a,p1b\n|-damage|p1a: PinkPonyClub|0 fnt\n|-damage|p1b: protec|59/100\n|faint|p1a: PinkPonyClub\n|\n|-weather|RainDance|[upkeep]\n|upkeep\n|\n|t:|1776694429\n|switch|p1a: Verizon|Amoonguss, L50, F|100/100\n|turn|4\n|-message|jed54321 forfeited.\n|\n|win|pigduckeater\n|raw|jed54321's rating: 1473 &rarr; <strong>1455</strong><br />(-18 for losing)\n|raw|pigduckeater's rating: 1510 &rarr; <strong>1528</strong><br />(+18 for winning)\n|l|\u2606jed54321\n|player|p1|\n|l|\u2606pigduckeater\n|player|p2|\n","uploadtime":1776694643,"views":6,"formatid":"gen9vgc2026regi","rating":1455,"private":0,"password":null}