{"id":"gen9vgc2026regi-2528483235","format":"[Gen 9] VGC 2026 Reg I","players":["bobthemango141","lalo's pollos"],"log":"|j|\u2606bobthemango141\n|j|\u2606lalo's pollos\n|t:|1769662903\n|gametype|doubles\n|player|p1|bobthemango141|265|1518\n|player|p2|lalo's pollos|265|1444\n|gen|9\n|tier|[Gen 9] VGC 2026 Reg I\n|rated|\n|rule|Species Clause: Limit one of each Pok\u00e9mon\n|rule|Item Clause: Limit 1 of each item\n|clearpoke\n|poke|p1|Miraidon, L50|\n|poke|p1|Lunala, L50|\n|poke|p1|Sylveon, L50, F|\n|poke|p1|Incineroar, L50, F|\n|poke|p1|Whimsicott, L50, F|\n|poke|p1|Urshifu-*, L50, F|\n|poke|p2|Miraidon, L50|\n|poke|p2|Landorus, L50, M|\n|poke|p2|Incineroar, L50, M|\n|poke|p2|Iron Bundle, L50|\n|poke|p2|Farigiraf, L50, M|\n|poke|p2|Calyrex-Ice, L50|\n|teampreview|4\n|\n|t:|1769662922\n|teamsize|p1|4\n|teamsize|p2|4\n|start\n|switch|p1a: Miraidon|Miraidon, L50, shiny|100/100\n|switch|p1b: Whimsicott|Whimsicott, L50, F, shiny|100/100\n|switch|p2a: Co-Star|Miraidon, L50|100/100\n|switch|p2b: the Manager|Farigiraf, L50, M|100/100\n|-fieldstart|move: Electric Terrain|[from] ability: Hadron Engine|[of] p2a: Co-Star\n|-activate|p1a: Miraidon|ability: Hadron Engine\n|turn|1\n|\n|t:|1769662930\n|move|p2a: Co-Star|Dazzling Gleam|p1a: Miraidon|[spread] p1a,p1b\n|-supereffective|p1a: Miraidon\n|-crit|p1a: Miraidon\n|-damage|p1a: Miraidon|0 fnt\n|-damage|p1b: Whimsicott|25/100\n|faint|p1a: Miraidon\n|move|p1b: Whimsicott|Endeavor|p2b: the Manager\n|-damage|p2b: the Manager|13/100\n|move|p2b: the Manager|Trick Room|p2b: the Manager\n|-fieldstart|move: Trick Room|[of] p2b: the Manager\n|\n|upkeep\n|\n|t:|1769662940\n|switch|p1a: Lunala|Lunala, L50|100/100\n|-enditem|p1a: Lunala|Electric Seed\n|-boost|p1a: Lunala|def|1|[from] item: Electric Seed\n|turn|2\n|\n|t:|1769662946\n|-terastallize|p1a: Lunala|Fairy\n|move|p2b: the Manager|Psychic|p1b: Whimsicott\n|-damage|p1b: Whimsicott|0 fnt\n|faint|p1b: Whimsicott\n|move|p1a: Lunala|Moonblast|p2a: Co-Star\n|-supereffective|p2a: Co-Star\n|-damage|p2a: Co-Star|11/100\n|move|p2a: Co-Star|Dazzling Gleam|p1a: Lunala\n|-damage|p1a: Lunala|79/100\n|\n|upkeep\n|\n|t:|1769662951\n|switch|p1b: Urshifu|Urshifu-Rapid-Strike, L50, F|100/100\n|turn|3\n|\n|t:|1769662956\n|move|p2b: the Manager|Psychic|p1b: Urshifu\n|-supereffective|p1b: Urshifu\n|-damage|p1b: Urshifu|0 fnt\n|faint|p1b: Urshifu\n|move|p1a: Lunala|Moonblast|p2b: the Manager\n|-damage|p2b: the Manager|0 fnt\n|faint|p2b: the Manager\n|move|p2a: Co-Star|Dazzling Gleam|p1a: Lunala\n|-damage|p1a: Lunala|39/100\n|\n|upkeep\n|-message|bobthemango141 forfeited.\n|\n|win|lalo's pollos\n|raw|bobthemango141's rating: 1518 &rarr; <strong>1494</strong><br />(-24 for losing)\n|raw|lalo&apos;s pollos's rating: 1444 &rarr; <strong>1468</strong><br />(+24 for winning)\n|l|\u2606bobthemango141\n|player|p1|\n","uploadtime":1769663000,"views":21,"formatid":"gen9vgc2026regi","rating":1468,"private":0,"password":null}