{"id":"gen9vgc2026regi-2515993087","format":"[Gen 9] VGC 2026 Reg I","players":["004village","kojimuranishi"],"log":"|j|\u2606004village\n|j|\u2606kojimuranishi\n|t:|1768068957\n|gametype|doubles\n|player|p1|004village|265|1221\n|player|p2|kojimuranishi|266|1329\n|gen|9\n|tier|[Gen 9] VGC 2026 Reg I\n|rated|\n|rule|Species Clause: Limit one of each Pok\u00e9mon\n|rule|Item Clause: Limit 1 of each item\n|clearpoke\n|poke|p1|Miraidon, L50|\n|poke|p1|Landorus, L50, M|\n|poke|p1|Tornadus, L50, M|\n|poke|p1|Farigiraf, L50, M|\n|poke|p1|Conkeldurr, L50, M|\n|poke|p1|Calyrex-Ice, L50|\n|poke|p2|Raging Bolt, L50|\n|poke|p2|Calyrex-Ice, L50|\n|poke|p2|Kyogre, L50|\n|poke|p2|Indeedee-F, L50, F|\n|poke|p2|Landorus, L50, M|\n|poke|p2|Urshifu-*, L50, F|\n|teampreview|4\n|inactive|Battle timer is ON: inactive players will automatically lose when time's up. (requested by kojimuranishi)\n|inactive|kojimuranishi has 60 seconds left.\n|\n|t:|1768069006\n|teamsize|p1|4\n|teamsize|p2|4\n|start\n|switch|p1a: Zekrom-|Miraidon, L50|100/100\n|switch|p1b: Calyrex|Calyrex-Ice, L50|100/100\n|switch|p2a: Urshifu|Urshifu-Rapid-Strike, L50, F|100/100\n|switch|p2b: Calyrex|Calyrex-Ice, L50|100/100\n|-ability|p2b: Calyrex|As One\n|-ability|p2b: Calyrex|Unnerve\n|-ability|p1b: Calyrex|As One\n|-ability|p1b: Calyrex|Unnerve\n|-fieldstart|move: Electric Terrain|[from] ability: Hadron Engine|[of] p1a: Zekrom-\n|turn|1\n|inactive|kojimuranishi has 30 seconds left.\n|\n|t:|1768069033\n|switch|p2a: Indeedee|Indeedee-F, L50, F|100/100\n|-fieldstart|move: Psychic Terrain|[from] ability: Psychic Surge|[of] p2a: Indeedee\n|move|p1a: Zekrom-|Volt Switch|p2a: Indeedee\n|-damage|p2a: Indeedee|59/100\n|\n|t:|1768069042\n|switch|p1a: Deerling-|Farigiraf, L50, M|100/100|[from] Volt Switch\n|move|p1b: Calyrex|Glacial Lance|p2a: Indeedee|[spread] p2a,p2b\n|-resisted|p2b: Calyrex\n|-damage|p2a: Indeedee|0 fnt\n|-damage|p2b: Calyrex|82/100\n|faint|p2a: Indeedee\n|-ability|p1b: Calyrex|Chilling Neigh|boost\n|-boost|p1b: Calyrex|atk|1\n|move|p2b: Calyrex|Trick Room|p2b: Calyrex\n|-fieldstart|move: Trick Room|[of] p2b: Calyrex\n|\n|-heal|p2b: Calyrex|87/100|[from] item: Leftovers\n|upkeep\n|\n|t:|1768069057\n|switch|p2a: Urshifu|Urshifu-Rapid-Strike, L50, F|100/100\n|turn|2\n|\n|t:|1768069071\n|-terastallize|p1b: Calyrex|Water\n|move|p1a: Deerling-|Helping Hand|p1b: Calyrex\n|-singleturn|p1b: Calyrex|Helping Hand|[of] p1a: Deerling-\n|move|p1b: Calyrex|High Horsepower|p2a: Urshifu\n|-enditem|p2a: Urshifu|Focus Sash\n|-damage|p2a: Urshifu|1/100\n|move|p2b: Calyrex|Glacial Lance|p1a: Deerling-|[spread] p1a,p1b\n|-resisted|p1b: Calyrex\n|-damage|p1a: Deerling-|60/100\n|-damage|p1b: Calyrex|86/100\n|move|p2a: Urshifu|Surging Strikes|p1a: Deerling-\n|-crit|p1a: Deerling-\n|-damage|p1a: Deerling-|39/100\n|-crit|p1a: Deerling-\n|-damage|p1a: Deerling-|20/100\n|-crit|p1a: Deerling-\n|-damage|p1a: Deerling-|2/100\n|-hitcount|p1a: Deerling-|3\n|\n|-heal|p2b: Calyrex|93/100|[from] item: Leftovers\n|upkeep\n|turn|3\n|\n|t:|1768069092\n|move|p2a: Urshifu|Detect|p2a: Urshifu\n|-singleturn|p2a: Urshifu|Protect\n|move|p1b: Calyrex|Glacial Lance|p2a: Urshifu|[spread] p2b\n|-activate|p2a: Urshifu|move: Protect\n|-resisted|p2b: Calyrex\n|-damage|p2b: Calyrex|67/100\n|move|p2b: Calyrex|Glacial Lance|p1a: Deerling-|[spread] p1a,p1b\n|-resisted|p1b: Calyrex\n|-damage|p1a: Deerling-|0 fnt\n|-damage|p1b: Calyrex|72/100\n|faint|p1a: Deerling-\n|-ability|p2b: Calyrex|Chilling Neigh|boost\n|-boost|p2b: Calyrex|atk|1\n|\n|-heal|p2b: Calyrex|72/100|[from] item: Leftovers\n|upkeep\n|\n|t:|1768069102\n|switch|p1a: Y.M.C.A|Conkeldurr, L50, M|100/100\n|turn|4\n|\n|t:|1768069120\n|move|p2a: Urshifu|Detect||[still]\n|-fail|p2a: Urshifu\n|move|p1a: Y.M.C.A|Knock Off|p2b: Calyrex\n|-supereffective|p2b: Calyrex\n|-damage|p2b: Calyrex|25/100\n|-enditem|p2b: Calyrex|Leftovers|[from] move: Knock Off|[of] p1a: Y.M.C.A\n|move|p1b: Calyrex|Glacial Lance|p2a: Urshifu|[spread] p2a,p2b\n|-resisted|p2a: Urshifu\n|-resisted|p2b: Calyrex\n|-damage|p2a: Urshifu|0 fnt\n|-damage|p2b: Calyrex|0 fnt\n|faint|p2a: Urshifu\n|faint|p2b: Calyrex\n|-ability|p1b: Calyrex|Chilling Neigh|boost\n|-boost|p1b: Calyrex|atk|2\n|\n|-status|p1a: Y.M.C.A|brn|[from] item: Flame Orb\n|upkeep\n|-message|kojimuranishi forfeited.\n|\n|win|004village\n|raw|004village's rating: 1221 &rarr; <strong>1254</strong><br />(+33 for winning)\n|raw|kojimuranishi's rating: 1329 &rarr; <strong>1303</strong><br />(-26 for losing)\n|l|\u2606kojimuranishi\n|player|p2|\n|l|\u2606004village\n|player|p1|\n","uploadtime":1768069343,"views":13,"formatid":"gen9vgc2026regi","rating":1254,"private":0,"password":null}