{"id":"gen9vgc2026regi-2553150519","format":"[Gen 9] VGC 2026 Reg I","players":["VJ2511","ky123456"],"log":"|j|\u2606VJ2511\n|j|\u2606ky123456\n|t:|1772804578\n|gametype|doubles\n|player|p1|VJ2511|red-masters3|1547\n|player|p2|ky123456|cynthia-gen4|1566\n|gen|9\n|tier|[Gen 9] VGC 2026 Reg I\n|rated|\n|rule|Species Clause: Limit one of each Pok\u00e9mon\n|rule|Item Clause: Limit 1 of each item\n|clearpoke\n|poke|p1|Calyrex-Shadow, L50|\n|poke|p1|Zamazenta-*, L50|\n|poke|p1|Chien-Pao, L50|\n|poke|p1|Dragonite, L50, M|\n|poke|p1|Raging Bolt, L50|\n|poke|p1|Amoonguss, L50, M|\n|poke|p2|Miraidon, L50|\n|poke|p2|Calyrex-Ice, L50|\n|poke|p2|Iron Hands, L50|\n|poke|p2|Farigiraf, L50, M|\n|poke|p2|Urshifu-*, L50, M|\n|poke|p2|Whimsicott, L50, M|\n|teampreview|4\n|inactive|Battle timer is ON: inactive players will automatically lose when time's up. (requested by VJ2511)\n|j| acontece\n|inactive|ky123456 has 60 seconds left.\n|\n|t:|1772804631\n|teamsize|p1|4\n|teamsize|p2|4\n|start\n|switch|p1a: Zamazenta|Zamazenta-Crowned, L50|100/100\n|switch|p1b: Chien-Pao|Chien-Pao, L50|100/100\n|switch|p2a: Calyrex|Calyrex-Ice, L50|100/100\n|switch|p2b: Iron Hands|Iron Hands, L50|100/100\n|-ability|p2a: Calyrex|As One\n|-ability|p2a: Calyrex|Unnerve\n|-ability|p1b: Chien-Pao|Sword of Ruin\n|-ability|p1a: Zamazenta|Dauntless Shield|boost\n|-boost|p1a: Zamazenta|def|1\n|turn|1\n|\n|t:|1772804653\n|-terastallize|p2a: Calyrex|Fire\n|move|p2b: Iron Hands|Fake Out|p1a: Zamazenta\n|-resisted|p1a: Zamazenta\n|-damage|p1a: Zamazenta|96/100\n|move|p1b: Chien-Pao|Ruination|p2a: Calyrex\n|-damage|p2a: Calyrex|51/100\n|cant|p1a: Zamazenta|flinch\n|move|p2a: Calyrex|Trick Room|p2a: Calyrex\n|-fieldstart|move: Trick Room|[of] p2a: Calyrex\n|\n|upkeep\n|turn|2\n|j| kurwa mac123\n|\n|t:|1772804668\n|-terastallize|p1a: Zamazenta|Dragon\n|move|p2a: Calyrex|Protect|p2a: Calyrex\n|-singleturn|p2a: Calyrex|Protect\n|move|p2b: Iron Hands|Drain Punch|p1b: Chien-Pao\n|-supereffective|p1b: Chien-Pao\n|-damage|p1b: Chien-Pao|0 fnt\n|faint|p1b: Chien-Pao\n|move|p1a: Zamazenta|Body Press|p2a: Calyrex\n|-activate|p2a: Calyrex|move: Protect\n|\n|upkeep\n|\n|t:|1772804678\n|switch|p1b: Calyrex|Calyrex-Shadow, L50|100/100\n|-ability|p1b: Calyrex|As One\n|-ability|p1b: Calyrex|Unnerve\n|turn|3\n|\n|t:|1772804691\n|move|p1a: Zamazenta|Wide Guard|p1a: Zamazenta\n|-singleturn|p1a: Zamazenta|Wide Guard\n|move|p2b: Iron Hands|Heavy Slam|p1b: Calyrex\n|-damage|p1b: Calyrex|44/100\n|move|p2a: Calyrex|High Horsepower|p1b: Calyrex\n|-damage|p1b: Calyrex|0 fnt\n|faint|p1b: Calyrex\n|-ability|p2a: Calyrex|Chilling Neigh|boost\n|-boost|p2a: Calyrex|atk|1\n|\n|upkeep\n|-message|VJ2511 forfeited.\n|\n|win|ky123456\n|raw|VJ2511's rating: 1547 &rarr; <strong>1528</strong><br />(-19 for losing)\n|raw|ky123456's rating: 1566 &rarr; <strong>1585</strong><br />(+19 for winning)\n|l|\u2606ky123456\n|player|p2|\n|l|\u2606VJ2511\n|player|p1|\n|l| acontece\n","uploadtime":1772804890,"views":22,"formatid":"gen9vgc2026regi","rating":1528,"private":0,"password":null}