{"id":"gen9vgc2026regi-2552430158","format":"[Gen 9] VGC 2026 Reg I","players":["blackred123\u6c38\u96cf\u5854\u83f2\u4fa0","0-6day2"],"log":"|j|\u2606blackred123\u6c38\u96cf\u5854\u83f2\u4fa0\n|j|\u26060-6day2\n|t:|1772721028\n|gametype|doubles\n|player|p1|blackred123\u6c38\u96cf\u5854\u83f2\u4fa0|iono-masters|1523\n|player|p2|0-6day2|102|1437\n|gen|9\n|tier|[Gen 9] VGC 2026 Reg I\n|rated|\n|rule|Species Clause: Limit one of each Pok\u00e9mon\n|rule|Item Clause: Limit 1 of each item\n|clearpoke\n|poke|p1|Kyogre, L50|\n|poke|p1|Zamazenta-*, L50|\n|poke|p1|Chien-Pao, L50|\n|poke|p1|Amoonguss, L50, F|\n|poke|p1|Dragonite, L50, F|\n|poke|p1|Rillaboom, L50, F|\n|poke|p2|Miraidon, L50|\n|poke|p2|Calyrex-Ice, L50|\n|poke|p2|Flutter Mane, L50|\n|poke|p2|Chi-Yu, L50|\n|poke|p2|Urshifu-*, L50, F|\n|poke|p2|Iron Hands, L50|\n|teampreview|4\n|inactive|Battle timer is ON: inactive players will automatically lose when time's up. (requested by blackred123\u6c38\u96cf\u5854\u83f2\u4fa0)\n|\n|t:|1772721041\n|teamsize|p1|4\n|teamsize|p2|4\n|start\n|switch|p1a: Zamazenta|Zamazenta-Crowned, L50|100/100\n|switch|p1b: Chien-Pao|Chien-Pao, L50|100/100\n|switch|p2a: Miraidon|Miraidon, L50|100/100\n|switch|p2b: Calyrex|Calyrex-Ice, L50|100/100\n|-ability|p2b: Calyrex|As One\n|-ability|p2b: Calyrex|Unnerve\n|-ability|p1b: Chien-Pao|Sword of Ruin\n|-fieldstart|move: Electric Terrain|[from] ability: Hadron Engine|[of] p2a: Miraidon\n|-ability|p1a: Zamazenta|Dauntless Shield|boost\n|-boost|p1a: Zamazenta|def|1\n|turn|1\n|\n|t:|1772721062\n|-terastallize|p1a: Zamazenta|Grass\n|move|p1b: Chien-Pao|Taunt|p2b: Calyrex\n|-start|p2b: Calyrex|move: Taunt\n|move|p2a: Miraidon|Volt Switch|p1b: Chien-Pao\n|-enditem|p1b: Chien-Pao|Focus Sash\n|-damage|p1b: Chien-Pao|1/100\n|\n|t:|1772721071\n|switch|p2a: Iron Hands|Iron Hands, L50, shiny|100/100|[from] Volt Switch\n|-activate|p2a: Iron Hands|ability: Quark Drive\n|-start|p2a: Iron Hands|quarkdriveatk\n|move|p1a: Zamazenta|Body Press|p2a: Iron Hands\n|-damage|p2a: Iron Hands|41/100\n|move|p2b: Calyrex|Glacial Lance|p1b: Chien-Pao|[spread] p1a,p1b\n|-supereffective|p1a: Zamazenta\n|-resisted|p1b: Chien-Pao\n|-damage|p1a: Zamazenta|43/100\n|-damage|p1b: Chien-Pao|0 fnt\n|faint|p1b: Chien-Pao\n|-ability|p2b: Calyrex|Chilling Neigh|boost\n|-boost|p2b: Calyrex|atk|1\n|\n|upkeep\n|\n|t:|1772721086\n|switch|p1b: Kyogre|Kyogre, L50|100/100\n|-weather|RainDance|[from] ability: Drizzle|[of] p1b: Kyogre\n|turn|2\n|\n|t:|1772721109\n|-terastallize|p2b: Calyrex|Water\n|move|p1b: Kyogre|Water Spout|p2a: Iron Hands|[spread] p2a,p2b\n|-resisted|p2b: Calyrex\n|-damage|p2a: Iron Hands|0 fnt\n|-damage|p2b: Calyrex|71/100\n|faint|p2a: Iron Hands\n|-end|p2a: Iron Hands|Quark Drive|[silent]\n|move|p1a: Zamazenta|Body Press|p2b: Calyrex\n|-damage|p2b: Calyrex|34/100\n|move|p2b: Calyrex|Glacial Lance|p1a: Zamazenta|[spread] p1a,p1b\n|-supereffective|p1a: Zamazenta\n|-resisted|p1b: Kyogre\n|-damage|p1a: Zamazenta|0 fnt\n|-damage|p1b: Kyogre|60/100\n|faint|p1a: Zamazenta\n|-ability|p2b: Calyrex|Chilling Neigh|boost\n|-boost|p2b: Calyrex|atk|1\n|\n|-weather|RainDance|[upkeep]\n|upkeep\n|\n|t:|1772721126\n|switch|p1a: Dragonite|Dragonite, L50, F|100/100\n|switch|p2a: Urshifu|Urshifu, L50, F|100/100\n|turn|3\n|\n|t:|1772721143\n|move|p1b: Kyogre|Water Spout|p2a: Urshifu|[spread] p2a,p2b\n|-resisted|p2b: Calyrex\n|-damage|p2a: Urshifu|23/100\n|-damage|p2b: Calyrex|18/100\n|move|p2a: Urshifu|Wicked Blow|p1b: Kyogre\n|-crit|p1b: Kyogre\n|-damage|p1b: Kyogre|0 fnt\n|faint|p1b: Kyogre\n|move|p1a: Dragonite|Low Kick|p2b: Calyrex\n|-damage|p2b: Calyrex|0 fnt\n|faint|p2b: Calyrex\n|\n|-weather|RainDance|[upkeep]\n|upkeep\n|\n|t:|1772721153\n|switch|p2b: Miraidon|Miraidon, L50|100/100\n|-activate|p2b: Miraidon|ability: Hadron Engine\n|turn|4\n|-message|blackred123\u6c38\u96cf\u5854\u83f2\u4fa0 forfeited.\n|\n|win|0-6day2\n|raw|blackred123\u6c38\u96cf\u5854\u83f2\u4fa0's rating: 1523 &rarr; <strong>1498</strong><br />(-25 for losing)\n|raw|0-6day2's rating: 1437 &rarr; <strong>1462</strong><br />(+25 for winning)\n|l|\u2606blackred123\u6c38\u96cf\u5854\u83f2\u4fa0\n|player|p1|\n|l|\u26060-6day2\n|player|p2|\n","uploadtime":1772721378,"views":14,"formatid":"gen9vgc2026regi","rating":1462,"private":0,"password":null}