{"id":"gen9vgc2026regi-2566743567","format":"[Gen 9] VGC 2026 Reg I","players":["maxdeesevgc","realcomrade379"],"log":"|j|\u2606maxdeesevgc\n|j|\u2606realcomrade379\n|html|<table width=\"100%\"><tr><td align=\"left\">maxdeesevgc</td><td align=\"right\">realcomrade379</tr><tr><td align=\"left\"><i class=\"fa fa-circle\"></i> <i class=\"fa fa-circle-o\"></i> </td><td align=\"right\"><i class=\"fa fa-circle-o\"></i> <i class=\"fa fa-circle-o\"></i> </tr></table>\n|uhtml|bestof|<h2><strong>Game 2</strong> of <a href=\"/game-bestof3-gen9vgc2026regi-2566742114\">a best-of-3</a></h2>\n|t:|1774404200\n|gametype|doubles\n|player|p1|maxdeesevgc|2|\n|player|p2|realcomrade379|shadowtriad|\n|gen|9\n|tier|[Gen 9] VGC 2026 Reg I\n|rated|Tournament battle\n|rule|Species Clause: Limit one of each Pok\u00e9mon\n|rule|Item Clause: Limit 1 of each item\n|raw|<div class=\"infobox\"><details class=\"readmore\" open><summary><strong>4 custom rules:</strong></summary> Open Team Sheets, Force Open Team Sheets, !Open Team Sheets, Best of = 3</details></div>\n|clearpoke\n|poke|p1|Kyogre, L50|\n|poke|p1|Miraidon, L50|\n|poke|p1|Landorus, L50, M|\n|poke|p1|Whimsicott, L50, M|\n|poke|p1|Clefairy, L50, M|\n|poke|p1|Pikachu, L50, F|\n|poke|p2|Miraidon, L50|\n|poke|p2|Calyrex-Ice, L50|\n|poke|p2|Urshifu-*, L50, F|\n|poke|p2|Incineroar, L50, F|\n|poke|p2|Landorus, L50, M|\n|poke|p2|Grimmsnarl, L50, M|\n|teampreview|4\n|showteam|p1|Kyogre||MysticWater|Drizzle|WaterSpout,HydroPump,IceBeam,Protect||||||50|,,,,,Ghost]Miraidon||Magnet|HadronEngine|DazzlingGleam,Discharge,Protect,ElectroDrift||||||50|,,,,,Electric]Landorus||LifeOrb|SheerForce|SandsearStorm,EarthPower,SludgeBomb,Protect|||M|||50|,,,,,Steel]Whimsicott||CovertCloak|Prankster|Tailwind,LightScreen,Moonblast,Encore|||M|||50|,,,,,Dark]Clefairy||Eviolite|FriendGuard|FollowMe,HelpingHand,AfterYou,Protect|||M|||50|,,,,,Dark]Pikachu||FocusSash|LightningRod|FakeOut,Endeavor,Feint,Nuzzle|||F|||50|,,,,,Ghost\n|showteam|p2|Miraidon||ChoiceSpecs|HadronEngine|ElectroDrift,VoltSwitch,DracoMeteor,DazzlingGleam||||||50|,,,,,Fairy]Calyrex-Ice||Leftovers|AsOneGlastrier|Protect,TrickRoom,LeechSeed,GlacialLance||||||50|,,,,,Water]Urshifu-Rapid-Strike||ChoiceBand|UnseenFist|SurgingStrikes,CloseCombat,Uturn,AquaJet|||F|||50|,,,,,Ghost]Incineroar||AssaultVest|Intimidate|FlareBlitz,KnockOff,Uturn,FakeOut|||F|||50|,,,,,Grass]Landorus||LifeOrb|SheerForce|Protect,Taunt,SludgeBomb,EarthPower|||M|||50|,,,,,Water]Grimmsnarl||LightClay|Prankster|SpiritBreak,LightScreen,Reflect,ThunderWave|||M|||50|,,,,,Ghost\n|inactive|Battle timer is ON: inactive players will automatically lose when time's up. (requested by maxdeesevgc)\n|inactive|realcomrade379 has 60 seconds left.\n|\n|t:|1774404233\n|teamsize|p1|4\n|teamsize|p2|4\n|start\n|switch|p1a: Pikachu|Pikachu, L50, F|100/100\n|switch|p1b: Kyogre|Kyogre, L50|100/100\n|switch|p2a: Miraidon|Miraidon, L50|100/100\n|switch|p2b: Urshifu|Urshifu-Rapid-Strike, L50, F|100/100\n|-fieldstart|move: Electric Terrain|[from] ability: Hadron Engine|[of] p2a: Miraidon\n|-weather|RainDance|[from] ability: Drizzle|[of] p1b: Kyogre\n|turn|1\n|\n|t:|1774404244\n|switch|p1b: Clefairy|Clefairy, L50, M|100/100\n|move|p2a: Miraidon|Dazzling Gleam|p1b: Clefairy|[spread] p1a,p1b\n|-enditem|p1a: Pikachu|Focus Sash\n|-damage|p1a: Pikachu|2/100\n|-damage|p1b: Clefairy|63/100\n|move|p1a: Pikachu|Nuzzle|p2b: Urshifu\n|-supereffective|p2b: Urshifu\n|-damage|p2b: Urshifu|85/100\n|-status|p2b: Urshifu|par\n|move|p2b: Urshifu|U-turn|p1b: Clefairy\n|-resisted|p1b: Clefairy\n|-damage|p1b: Clefairy|47/100\n|\n|t:|1774404257\n|switch|p2b: Calyrex|Calyrex-Ice, L50|100/100|[from] U-turn\n|-ability|p2b: Calyrex|As One\n|-ability|p2b: Calyrex|Unnerve\n|\n|-weather|RainDance|[upkeep]\n|upkeep\n|turn|2\n|\n|t:|1774404263\n|move|p1b: Clefairy|Protect|p1b: Clefairy\n|-singleturn|p1b: Clefairy|Protect\n|move|p2a: Miraidon|Dazzling Gleam|p1a: Pikachu|[spread] p1a\n|-activate|p1b: Clefairy|move: Protect\n|-damage|p1a: Pikachu|0 fnt\n|faint|p1a: Pikachu\n|move|p2b: Calyrex|Trick Room|p2b: Calyrex\n|-fieldstart|move: Trick Room|[of] p2b: Calyrex\n|\n|-weather|RainDance|[upkeep]\n|upkeep\n|\n|t:|1774404271\n|switch|p1a: Kyogre|Kyogre, L50|100/100\n|turn|3\n|\n|t:|1774404283\n|-terastallize|p2b: Calyrex|Water\n|move|p1b: Clefairy|Protect||[still]\n|-fail|p1b: Clefairy\n|move|p2b: Calyrex|Glacial Lance|p1a: Kyogre|[spread] p1a,p1b\n|-resisted|p1a: Kyogre\n|-damage|p1a: Kyogre|80/100\n|-damage|p1b: Clefairy|11/100\n|move|p1a: Kyogre|Water Spout|p2b: Calyrex|[spread] p2a,p2b\n|-resisted|p2a: Miraidon\n|-resisted|p2b: Calyrex\n|-damage|p2a: Miraidon|64/100\n|-damage|p2b: Calyrex|72/100\n|move|p2a: Miraidon|Dazzling Gleam|p1b: Clefairy|[spread] p1a,p1b\n|-damage|p1a: Kyogre|56/100\n|-damage|p1b: Clefairy|0 fnt\n|faint|p1b: Clefairy\n|\n|-weather|RainDance|[upkeep]\n|-heal|p2b: Calyrex|77/100|[from] item: Leftovers\n|upkeep\n|\n|t:|1774404292\n|switch|p1b: Miraidon|Miraidon, L50, shiny|100/100\n|-activate|p1b: Miraidon|ability: Hadron Engine\n|turn|4\n|\n|t:|1774404305\n|-terastallize|p1b: Miraidon|Electric\n|move|p2b: Calyrex|Glacial Lance|p1a: Kyogre|[spread] p1a,p1b\n|-resisted|p1a: Kyogre\n|-damage|p1a: Kyogre|23/100\n|-damage|p1b: Miraidon|45/100\n|move|p1a: Kyogre|Ice Beam|p2a: Miraidon\n|-supereffective|p2a: Miraidon\n|-damage|p2a: Miraidon|13/100\n|move|p2a: Miraidon|Dazzling Gleam|p1a: Kyogre|[spread] p1a,p1b\n|-damage|p1a: Kyogre|0 fnt\n|-damage|p1b: Miraidon|11/100\n|faint|p1a: Kyogre\n|move|p1b: Miraidon|Electro Drift|p2b: Calyrex\n|-supereffective|p2b: Calyrex\n|-damage|p2b: Calyrex|0 fnt\n|faint|p2b: Calyrex\n|\n|-weather|RainDance|[upkeep]\n|upkeep\n|\n|t:|1774404319\n|switch|p2b: Incineroar|Incineroar, L50, F|100/100\n|-ability|p2b: Incineroar|Intimidate|boost\n|-unboost|p1b: Miraidon|atk|1\n|turn|5\n|-message|maxdeesevgc forfeited.\n|\n|win|realcomrade379\n||maxdeesevgc is ready for game 3.\n","uploadtime":1774404325,"views":19,"formatid":"gen9vgc2026regi","rating":null,"private":0,"password":null}