{"id":"gen9vgc2026regi-2563936626","format":"[Gen 9] VGC 2026 Reg I","players":["9-5 Unc","shecallmedada"],"log":"|j|\u26069-5 Unc\n|j|\u2606shecallmedada\n|t:|1774087981\n|gametype|doubles\n|player|p1|9-5 Unc|striker|1374\n|player|p2|shecallmedada|burglar-gen1rb|1324\n|gen|9\n|tier|[Gen 9] VGC 2026 Reg I\n|rated|\n|rule|Species Clause: Limit one of each Pok\u00e9mon\n|rule|Item Clause: Limit 1 of each item\n|clearpoke\n|poke|p1|Koraidon, L50|\n|poke|p1|Calyrex-Shadow, L50|\n|poke|p1|Flutter Mane, L50|\n|poke|p1|Incineroar, L50, F|\n|poke|p1|Clefairy, L50, F|\n|poke|p1|Rillaboom, L50, F|\n|poke|p2|Koraidon, L50|\n|poke|p2|Miraidon, L50|\n|poke|p2|Incineroar, L50, F|\n|poke|p2|Iron Bundle, L50|\n|poke|p2|Toxapex, L50, F|\n|poke|p2|Landorus, L50, M|\n|teampreview|4\n|inactive|Battle timer is ON: inactive players will automatically lose when time's up. (requested by 9-5 Unc)\n|\n|t:|1774088019\n|teamsize|p1|4\n|teamsize|p2|4\n|start\n|switch|p1a: Rillaboom|Rillaboom, L50, F|100/100\n|switch|p1b: Koraidon|Koraidon, L50|100/100\n|switch|p2a: Incineroar|Incineroar, L50, F|100/100\n|switch|p2b: Landorus|Landorus, L50, M|100/100\n|-weather|SunnyDay|[from] ability: Orichalcum Pulse|[of] p1b: Koraidon\n|-activate|p1b: Koraidon|Orichalcum Pulse|[source]\n|-fieldstart|move: Grassy Terrain|[from] ability: Grassy Surge|[of] p1a: Rillaboom\n|-ability|p2a: Incineroar|Intimidate|boost\n|-unboost|p1a: Rillaboom|atk|1\n|-fail|p1b: Koraidon|unboost|[from] item: Clear Amulet|[of] p1b: Koraidon\n|turn|1\n|\n|t:|1774088035\n|move|p1a: Rillaboom|Fake Out|p2a: Incineroar\n|-damage|p2a: Incineroar|93/100\n|cant|p2a: Incineroar|flinch\n|move|p2b: Landorus|Sludge Bomb|p1a: Rillaboom\n|-supereffective|p1a: Rillaboom\n|-damage|p1a: Rillaboom|42/100\n|move|p1b: Koraidon|Flame Charge|p2b: Landorus\n|-damage|p2b: Landorus|51/100\n|-boost|p1b: Koraidon|spe|1\n|\n|-weather|SunnyDay|[upkeep]\n|-heal|p1a: Rillaboom|48/100|[from] Grassy Terrain\n|-heal|p2a: Incineroar|99/100|[from] Grassy Terrain\n|upkeep\n|turn|2\n|\n|t:|1774088051\n|switch|p1a: Clefairy|Clefairy, L50, F|100/100\n|move|p1b: Koraidon|Low Kick|p2a: Incineroar\n|-supereffective|p2a: Incineroar\n|-crit|p2a: Incineroar\n|-damage|p2a: Incineroar|0 fnt\n|faint|p2a: Incineroar\n|move|p2b: Landorus|Sludge Bomb|p1a: Clefairy\n|-supereffective|p1a: Clefairy\n|-damage|p1a: Clefairy|23/100\n|\n|-weather|SunnyDay|[upkeep]\n|-heal|p1a: Clefairy|29/100|[from] Grassy Terrain\n|upkeep\n|\n|t:|1774088063\n|switch|p2a: Miraidon|Miraidon, L50|100/100\n|-fieldstart|move: Electric Terrain|[from] ability: Hadron Engine|[of] p2a: Miraidon\n|turn|3\n|\n|t:|1774088069\n|switch|p1a: Rillaboom|Rillaboom, L50, F|48/100\n|-fieldstart|move: Grassy Terrain|[from] ability: Grassy Surge|[of] p1a: Rillaboom\n|-terastallize|p1b: Koraidon|Fire\n|move|p1b: Koraidon|Low Kick|p2a: Miraidon\n|-damage|p2a: Miraidon|12/100\n|move|p2b: Landorus|Sludge Bomb|p1a: Rillaboom\n|-supereffective|p1a: Rillaboom\n|-damage|p1a: Rillaboom|0 fnt\n|faint|p1a: Rillaboom\n|move|p2a: Miraidon|Draco Meteor|p1b: Koraidon\n|-damage|p1b: Koraidon|24/100\n|-unboost|p2a: Miraidon|spa|2\n|-damage|p2a: Miraidon|2/100|[from] item: Life Orb\n|\n|-weather|SunnyDay|[upkeep]\n|-heal|p1b: Koraidon|30/100|[from] Grassy Terrain\n|-heal|p2a: Miraidon|8/100|[from] Grassy Terrain\n|upkeep\n|\n|t:|1774088084\n|switch|p1a: Calyrex|Calyrex-Shadow, L50|100/100\n|-ability|p1a: Calyrex|As One\n|-ability|p1a: Calyrex|Unnerve\n|turn|4\n|\n|t:|1774088090\n|move|p2a: Miraidon|Protect|p2a: Miraidon\n|-singleturn|p2a: Miraidon|Protect\n|move|p1b: Koraidon|Flame Charge|p2b: Landorus\n|-damage|p2b: Landorus|0 fnt\n|-boost|p1b: Koraidon|spe|1\n|faint|p2b: Landorus\n|move|p1a: Calyrex|Astral Barrage|p2a: Miraidon\n|-activate|p2a: Miraidon|move: Protect\n|\n|-weather|SunnyDay|[upkeep]\n|-heal|p1b: Koraidon|36/100|[from] Grassy Terrain\n|-heal|p2a: Miraidon|15/100|[from] Grassy Terrain\n|upkeep\n|-message|shecallmedada forfeited.\n|\n|win|9-5 Unc\n|raw|9-5 Unc's rating: 1374 &rarr; <strong>1391</strong><br />(+17 for winning)\n|raw|shecallmedada's rating: 1324 &rarr; <strong>1307</strong><br />(-17 for losing)\n|l|\u2606shecallmedada\n|player|p2|\n","uploadtime":1774088103,"views":18,"formatid":"gen9vgc2026regi","rating":1307,"private":0,"password":null}