{"id":"gen9vgc2026regi-2581864283","format":"[Gen 9] VGC 2026 Reg I","players":["JoeBro8","Kwiper"],"log":"|j|\u2606JoeBro8\n|j|\u2606Kwiper\n|t:|1776034806\n|gametype|doubles\n|player|p1|JoeBro8|n|1516\n|player|p2|Kwiper|sycamore|1643\n|gen|9\n|tier|[Gen 9] VGC 2026 Reg I\n|rated|\n|rule|Species Clause: Limit one of each Pok\u00e9mon\n|rule|Item Clause: Limit 1 of each item\n|clearpoke\n|poke|p1|Incineroar, L50, M|\n|poke|p1|Landorus, L50, M|\n|poke|p1|Calyrex-Shadow, L50|\n|poke|p1|Koraidon, L50|\n|poke|p1|Brute Bonnet, L50|\n|poke|p1|Raging Bolt, L50|\n|poke|p2|Koraidon, L50|\n|poke|p2|Lunala, L50|\n|poke|p2|Indeedee-F, L50, F|\n|poke|p2|Flutter Mane, L50|\n|poke|p2|Volcarona, L50, F|\n|poke|p2|Ursaluna, L50, M|\n|teampreview|4\n|inactive|Battle timer is ON: inactive players will automatically lose when time's up. (requested by Kwiper)\n|inactive|JoeBro8 has 60 seconds left.\n|inactive|JoeBro8 has 30 seconds left.\n|inactive|JoeBro8 has 20 seconds left.\n|inactive|JoeBro8 has 15 seconds left.\n|inactive|JoeBro8 has 10 seconds left.\n|inactive|JoeBro8 has 5 seconds left.\n|\n|t:|1776034897\n|teamsize|p1|4\n|teamsize|p2|4\n|start\n|switch|p1a: Incineroar|Incineroar, L50, M|100/100\n|switch|p1b: Landorus|Landorus, L50, M|100/100\n|switch|p2a: Lunala|Lunala, L50, shiny|100/100\n|switch|p2b: Indeedee|Indeedee-F, L50, F|100/100\n|-fieldstart|move: Psychic Terrain|[from] ability: Psychic Surge|[of] p2b: Indeedee\n|-ability|p1a: Incineroar|Intimidate|boost\n|-unboost|p2a: Lunala|atk|1\n|-unboost|p2b: Indeedee|atk|1\n|turn|1\n|\n|t:|1776034919\n|-terastallize|p2a: Lunala|Water\n|move|p2a: Lunala|Meteor Beam||[still]\n|-prepare|p2a: Lunala|Meteor Beam\n|-boost|p2a: Lunala|spa|1\n|-enditem|p2a: Lunala|Power Herb\n|-anim|p2a: Lunala|Meteor Beam|p1a: Incineroar\n|-supereffective|p1a: Incineroar\n|-damage|p1a: Incineroar|0 fnt\n|faint|p1a: Incineroar\n|move|p1b: Landorus|Sandsear Storm|p2b: Indeedee|[spread] p2a,p2b\n|-damage|p2a: Lunala|79/100\n|-damage|p2b: Indeedee|43/100\n|move|p2b: Indeedee|Alluring Voice|p1b: Landorus\n|-damage|p1b: Landorus|83/100\n|\n|upkeep\n|\n|t:|1776034932\n|switch|p1a: Koraidon|Koraidon, L50|100/100\n|-weather|SunnyDay|[from] ability: Orichalcum Pulse|[of] p1a: Koraidon\n|-activate|p1a: Koraidon|Orichalcum Pulse|[source]\n|turn|2\n|\n|t:|1776034942\n|switch|p1a: Calyrex|Calyrex-Shadow, L50|100/100\n|-ability|p1a: Calyrex|As One\n|-ability|p1a: Calyrex|Unnerve\n|move|p2b: Indeedee|Follow Me|p2b: Indeedee\n|-singleturn|p2b: Indeedee|move: Follow Me\n|move|p2a: Lunala|Expanding Force|p1b: Landorus|[spread] p1a,p1b\n|-resisted|p1a: Calyrex\n|-damage|p1a: Calyrex|49/100\n|-damage|p1b: Landorus|0 fnt\n|faint|p1b: Landorus\n|\n|-weather|SunnyDay|[upkeep]\n|upkeep\n|-message|JoeBro8 forfeited.\n|\n|win|Kwiper\n|raw|JoeBro8's rating: 1516 &rarr; <strong>1503</strong><br />(-13 for losing)\n|raw|Kwiper's rating: 1643 &rarr; <strong>1656</strong><br />(+13 for winning)\n|l|\u2606JoeBro8\n|player|p1|\n|l|\u2606Kwiper\n|player|p2|\n","uploadtime":1776034952,"views":12,"formatid":"gen9vgc2026regi","rating":1503,"private":0,"password":null}