{"id":"gen9vgc2026regi-2557872927","format":"[Gen 9] VGC 2026 Reg I","players":["ArisHazard","Novicebest"],"log":"|j|\u2606ArisHazard\n|j|\u2606Novicebest\n|t:|1773367822\n|gametype|doubles\n|player|p1|ArisHazard|2|1382\n|player|p2|Novicebest|dawn|1527\n|gen|9\n|tier|[Gen 9] VGC 2026 Reg I\n|rated|\n|rule|Species Clause: Limit one of each Pok\u00e9mon\n|rule|Item Clause: Limit 1 of each item\n|clearpoke\n|poke|p1|Calyrex-Ice, L50|\n|poke|p1|Hitmontop, L50, M|\n|poke|p1|Miraidon, L50|\n|poke|p1|Sableye, L50, F|\n|poke|p1|Ting-Lu, L50|\n|poke|p1|Iron Valiant, L50|\n|poke|p2|Calyrex-Shadow, L50|\n|poke|p2|Zamazenta-*, L50|\n|poke|p2|Chien-Pao, L50|\n|poke|p2|Amoonguss, L50, M|\n|poke|p2|Raging Bolt, L50|\n|poke|p2|Ting-Lu, L50|\n|teampreview|4\n|inactive|Battle timer is ON: inactive players will automatically lose when time's up. (requested by Novicebest)\n|\n|t:|1773367850\n|teamsize|p1|4\n|teamsize|p2|4\n|start\n|switch|p1a: Calyrex|Calyrex-Ice, L50|100/100\n|switch|p1b: Hitmontop|Hitmontop, L50, M|100/100\n|switch|p2a: Zamazenta|Zamazenta-Crowned, L50|100/100\n|switch|p2b: Chien-Pao|Chien-Pao, L50|100/100\n|-ability|p1a: Calyrex|As One\n|-ability|p1a: Calyrex|Unnerve\n|-ability|p2b: Chien-Pao|Sword of Ruin\n|-ability|p2a: Zamazenta|Dauntless Shield|boost\n|-boost|p2a: Zamazenta|def|1\n|-ability|p1b: Hitmontop|Intimidate|boost\n|-unboost|p2a: Zamazenta|atk|1\n|-unboost|p2b: Chien-Pao|atk|1\n|turn|1\n|\n|t:|1773367874\n|move|p2b: Chien-Pao|Protect|p2b: Chien-Pao\n|-singleturn|p2b: Chien-Pao|Protect\n|move|p1a: Calyrex|Protect|p1a: Calyrex\n|-singleturn|p1a: Calyrex|Protect\n|move|p2a: Zamazenta|Body Press|p1b: Hitmontop\n|-damage|p1b: Hitmontop|0 fnt\n|faint|p1b: Hitmontop\n|\n|upkeep\n|\n|t:|1773367896\n|switch|p1b: Miraidon|Miraidon, L50|100/100\n|-fieldstart|move: Electric Terrain|[from] ability: Hadron Engine|[of] p1b: Miraidon\n|turn|2\n|\n|t:|1773367907\n|-terastallize|p1b: Miraidon|Electric\n|move|p2b: Chien-Pao|Ice Spinner|p1b: Miraidon\n|-damage|p1b: Miraidon|63/100\n|-fieldend|move: Electric Terrain\n|-damage|p2b: Chien-Pao|91/100|[from] item: Life Orb\n|move|p1b: Miraidon|Electro Drift|p2a: Zamazenta\n|-damage|p2a: Zamazenta|50/100\n|move|p2a: Zamazenta|Body Press|p1b: Miraidon\n|-damage|p1b: Miraidon|0 fnt\n|faint|p1b: Miraidon\n|move|p1a: Calyrex|Trick Room|p1a: Calyrex\n|-fieldstart|move: Trick Room|[of] p1a: Calyrex\n|\n|upkeep\n|-message|ArisHazard forfeited.\n|\n|win|Novicebest\n|raw|ArisHazard's rating: 1382 &rarr; <strong>1370</strong><br />(-12 for losing)\n|raw|Novicebest's rating: 1527 &rarr; <strong>1539</strong><br />(+12 for winning)\n|l|\u2606ArisHazard\n|player|p1|\n","uploadtime":1773367924,"views":14,"formatid":"gen9vgc2026regi","rating":1370,"private":0,"password":null}