{"id":"gen9vgc2026regi-2520057537","format":"[Gen 9] VGC 2026 Reg I","players":["MarEQuinox","VJ2511"],"log":"|j|\u2606MarEQuinox\n|j|\u2606VJ2511\n|t:|1768584202\n|gametype|doubles\n|player|p1|MarEQuinox|cynthia-gen4|1320\n|player|p2|VJ2511|red-masters3|1407\n|gen|9\n|tier|[Gen 9] VGC 2026 Reg I\n|rated|\n|rule|Species Clause: Limit one of each Pok\u00e9mon\n|rule|Item Clause: Limit 1 of each item\n|clearpoke\n|poke|p1|Koraidon, L50|\n|poke|p1|Calyrex-Ice, L50|\n|poke|p1|Incineroar, L50, M|\n|poke|p1|Smeargle, L50, F|\n|poke|p1|Rillaboom, L50, F|\n|poke|p1|Landorus, L50, M|\n|poke|p2|Koraidon, L50|\n|poke|p2|Lunala, L50|\n|poke|p2|Brute Bonnet, L50|\n|poke|p2|Chi-Yu, L50|\n|poke|p2|Flutter Mane, L50|\n|poke|p2|Ursaluna, L50, F|\n|teampreview|4\n|inactive|Battle timer is ON: inactive players will automatically lose when time's up. (requested by VJ2511)\n|inactive|MarEQuinox has 60 seconds left.\n|\n|t:|1768584242\n|teamsize|p1|4\n|teamsize|p2|4\n|start\n|switch|p1a: Koraidon|Koraidon, L50|100/100\n|switch|p1b: Rillaboom|Rillaboom, L50, F|100/100\n|switch|p2a: Lunala|Lunala, L50, shiny|100/100\n|switch|p2b: Chi-Yu|Chi-Yu, L50|100/100\n|-ability|p2b: Chi-Yu|Beads of Ruin\n|-weather|SunnyDay|[from] ability: Orichalcum Pulse|[of] p1a: Koraidon\n|-activate|p1a: Koraidon|Orichalcum Pulse|[source]\n|-fieldstart|move: Grassy Terrain|[from] ability: Grassy Surge|[of] p1b: Rillaboom\n|turn|1\n|inactive|MarEQuinox has 30 seconds left.\n|inactive|MarEQuinox has 20 seconds left.\n|\n|t:|1768584278\n|-terastallize|p2b: Chi-Yu|Ghost\n|-terastallize|p1a: Koraidon|Fire\n|move|p1b: Rillaboom|Fake Out|p2b: Chi-Yu\n|-immune|p2b: Chi-Yu\n|move|p2b: Chi-Yu|Heat Wave|p1b: Rillaboom|[spread] p1a,p1b\n|-resisted|p1a: Koraidon\n|-supereffective|p1b: Rillaboom\n|-damage|p1a: Koraidon|62/100\n|-damage|p1b: Rillaboom|0 fnt\n|faint|p1b: Rillaboom\n|move|p1a: Koraidon|Flame Charge|p2a: Lunala\n|-damage|p2a: Lunala|74/100\n|-boost|p1a: Koraidon|spe|1\n|move|p2a: Lunala|Meteor Beam||[still]\n|-prepare|p2a: Lunala|Meteor Beam\n|-boost|p2a: Lunala|spa|1\n|-enditem|p2a: Lunala|Power Herb\n|-anim|p2a: Lunala|Meteor Beam|p1a: Koraidon\n|-supereffective|p1a: Koraidon\n|-damage|p1a: Koraidon|0 fnt\n|faint|p1a: Koraidon\n|\n|-weather|SunnyDay|[upkeep]\n|-heal|p2a: Lunala|80/100|[from] Grassy Terrain\n|upkeep\n|-message|MarEQuinox forfeited.\n|\n|win|VJ2511\n|raw|MarEQuinox's rating: 1320 &rarr; <strong>1305</strong><br />(-15 for losing)\n|raw|VJ2511's rating: 1407 &rarr; <strong>1422</strong><br />(+15 for winning)\n|l|\u2606MarEQuinox\n|player|p1|\n","uploadtime":1768584299,"views":33,"formatid":"gen9vgc2026regi","rating":1305,"private":0,"password":null}