{"id":"gen9vgc2026regi-2524709586","format":"[Gen 9] VGC 2026 Reg I","players":["marcxhenry","Schimmli"],"log":"|j|\u2606marcxhenry\n|j|\u2606Schimmli\n|t:|1769185854\n|gametype|doubles\n|player|p1|marcxhenry|hilbert-wonderlauncher|1445\n|player|p2|Schimmli|1|1497\n|gen|9\n|tier|[Gen 9] VGC 2026 Reg I\n|rated|\n|rule|Species Clause: Limit one of each Pok\u00e9mon\n|rule|Item Clause: Limit 1 of each item\n|clearpoke\n|poke|p1|Calyrex-Shadow, L50|\n|poke|p1|Urshifu-*, L50, M|\n|poke|p1|Roaring Moon, L50|\n|poke|p1|Kyogre, L50|\n|poke|p1|Tsareena, L50, F|\n|poke|p1|Kingambit, L50, M|\n|poke|p2|Terapagos, L50, M|\n|poke|p2|Calyrex-Shadow, L50|\n|poke|p2|Flutter Mane, L50|\n|poke|p2|Ogerpon-Cornerstone, L50, F|\n|poke|p2|Incineroar, L50, M|\n|poke|p2|Rillaboom, L50, M|\n|teampreview|4\n|j| asdfghjkjgf\n|l| asdfghjkjgf\n|\n|t:|1769185885\n|teamsize|p1|4\n|teamsize|p2|4\n|start\n|switch|p1a: Hermann|Kingambit, L50, M, shiny|100/100\n|switch|p1b: Eva|Tsareena, L50, F, shiny|100/100\n|switch|p2a: Terapagos|Terapagos, L50, M|100/100\n|switch|p2b: Rillaboom|Rillaboom, L50, M|100/100\n|-activate|p2a: Terapagos|ability: Tera Shift\n|detailschange|p2a: Terapagos|Terapagos-Terastal, L50, M\n|-heal|p2a: Terapagos|100/100|[silent]\n|-fieldstart|move: Grassy Terrain|[from] ability: Grassy Surge|[of] p2b: Rillaboom\n|turn|1\n|\n|t:|1769185906\n|move|p1b: Eva|Protect|p1b: Eva\n|-singleturn|p1b: Eva|Protect\n|move|p2a: Terapagos|Calm Mind|p2a: Terapagos\n|-boost|p2a: Terapagos|spa|1\n|-boost|p2a: Terapagos|spd|1\n|move|p2b: Rillaboom|Wood Hammer|p1a: Hermann\n|-resisted|p1a: Hermann\n|-damage|p1a: Hermann|72/100\n|-damage|p2b: Rillaboom|91/100|[from] Recoil\n|move|p1a: Hermann|Kowtow Cleave|p2a: Terapagos\n|-activate|p2a: Terapagos|ability: Tera Shell\n|-resisted|p2a: Terapagos\n|-damage|p2a: Terapagos|83/100\n|\n|-heal|p2a: Terapagos|90/100|[from] Grassy Terrain\n|-heal|p2a: Terapagos|96/100|[from] item: Leftovers\n|-heal|p2b: Rillaboom|97/100|[from] Grassy Terrain\n|-heal|p1a: Hermann|78/100|[from] Grassy Terrain\n|upkeep\n|turn|2\n|\n|t:|1769185931\n|move|p1a: Hermann|Sucker Punch|p2b: Rillaboom\n|-damage|p2b: Rillaboom|62/100\n|move|p1b: Eva|Triple Axel|p2b: Rillaboom\n|-supereffective|p2b: Rillaboom\n|-damage|p2b: Rillaboom|47/100\n|-supereffective|p2b: Rillaboom\n|-damage|p2b: Rillaboom|21/100\n|-supereffective|p2b: Rillaboom\n|-damage|p2b: Rillaboom|0 fnt\n|faint|p2b: Rillaboom\n|-hitcount|p2: Rillaboom|3\n|move|p2a: Terapagos|Calm Mind|p2a: Terapagos\n|-boost|p2a: Terapagos|spa|1\n|-boost|p2a: Terapagos|spd|1\n|\n|-heal|p2a: Terapagos|100/100|[from] Grassy Terrain\n|-heal|p1a: Hermann|84/100|[from] Grassy Terrain\n|upkeep\n|\n|t:|1769185945\n|switch|p2b: Flutter Mane|Flutter Mane, L50|100/100\n|-enditem|p2b: Flutter Mane|Booster Energy\n|-activate|p2b: Flutter Mane|ability: Protosynthesis|[fromitem]\n|-start|p2b: Flutter Mane|protosynthesisspe\n|turn|3\n|\n|t:|1769185956\n|move|p2b: Flutter Mane|Protect|p2b: Flutter Mane\n|-singleturn|p2b: Flutter Mane|Protect\n|move|p1b: Eva|Power Whip|p2a: Terapagos\n|-activate|p2a: Terapagos|ability: Tera Shell\n|-resisted|p2a: Terapagos\n|-damage|p2a: Terapagos|73/100\n|move|p2a: Terapagos|Tera Starstorm|p1b: Eva\n|-damage|p1b: Eva|0 fnt\n|faint|p1b: Eva\n|move|p1a: Hermann|Iron Head|p2b: Flutter Mane\n|-activate|p2b: Flutter Mane|move: Protect\n|\n|-heal|p2a: Terapagos|79/100|[from] Grassy Terrain\n|-heal|p2a: Terapagos|85/100|[from] item: Leftovers\n|-heal|p1a: Hermann|90/100|[from] Grassy Terrain\n|upkeep\n|\n|t:|1769185978\n|switch|p1b: Rhein\u00fcbung|Urshifu-Rapid-Strike, L50, M|100/100\n|turn|4\n|\n|t:|1769186006\n|switch|p1a: Tripitz|Kyogre, L50, shiny|100/100\n|-weather|RainDance|[from] ability: Drizzle|[of] p1a: Tripitz\n|-terastallize|p1b: Rhein\u00fcbung|Poison\n|-terastallize|p2a: Terapagos|Stellar\n|detailschange|p2a: Terapagos|Terapagos-Stellar, L50, M, tera:Stellar\n|-heal|p2a: Terapagos|89/100|[silent]\n|-ability|p2a: Terapagos|Teraform Zero\n|-weather|none\n|-fieldend|move: Grassy Terrain\n|move|p2b: Flutter Mane|Thunder Wave|p1b: Rhein\u00fcbung\n|-status|p1b: Rhein\u00fcbung|par\n|move|p2a: Terapagos|Tera Starstorm|p1a: Tripitz|[spread] p1a,p1b\n|-supereffective|p1b: Rhein\u00fcbung\n|-crit|p1b: Rhein\u00fcbung\n|-damage|p1a: Tripitz|47/100\n|-damage|p1b: Rhein\u00fcbung|0 fnt\n|faint|p1b: Rhein\u00fcbung\n|\n|-heal|p2a: Terapagos|95/100|[from] item: Leftovers\n|upkeep\n|j| riyuezi\n|-message|marcxhenry forfeited.\n|\n|win|Schimmli\n|raw|marcxhenry's rating: 1445 &rarr; <strong>1428</strong><br />(-17 for losing)\n|raw|Schimmli's rating: 1497 &rarr; <strong>1514</strong><br />(+17 for winning)\n|l|\u2606marcxhenry\n|player|p1|\n|l| riyuezi\n|l|\u2606Schimmli\n|player|p2|\n","uploadtime":1769186231,"views":16,"formatid":"gen9vgc2026regi","rating":1428,"private":0,"password":null}