{"id":"gen9vgc2026regi-2579634650","format":"[Gen 9] VGC 2026 Reg I","players":["Sheevp","angrybook"],"log":"|j|\u2606Sheevp\n|j|\u2606angrybook\n|t:|1775809032\n|gametype|doubles\n|player|p1|Sheevp|170|1423\n|player|p2|angrybook|pokemaniac|1594\n|gen|9\n|tier|[Gen 9] VGC 2026 Reg I\n|rated|\n|rule|Species Clause: Limit one of each Pok\u00e9mon\n|rule|Item Clause: Limit 1 of each item\n|clearpoke\n|poke|p1|Koraidon, L50|\n|poke|p1|Lunala, L50|\n|poke|p1|Indeedee-F, L50, F|\n|poke|p1|Venusaur, L50, F|\n|poke|p1|Landorus-Therian, L50, M|\n|poke|p1|Kingambit, L50, M|\n|poke|p2|Koraidon, L50|\n|poke|p2|Flutter Mane, L50|\n|poke|p2|Incineroar, L50, M|\n|poke|p2|Calyrex-Shadow, L50|\n|poke|p2|Clefairy, L50, M|\n|poke|p2|Walking Wake, L50|\n|teampreview|4\n|inactive|Battle timer is ON: inactive players will automatically lose when time's up. (requested by angrybook)\n|inactive|angrybook has 60 seconds left.\n|\n|t:|1775809094\n|teamsize|p1|4\n|teamsize|p2|4\n|start\n|switch|p1a: Kingambit|Kingambit, L50, M|100/100\n|switch|p1b: Koraidon|Koraidon, L50|100/100\n|switch|p2a: Flutter Mane|Flutter Mane, L50|100/100\n|switch|p2b: Koraidon|Koraidon, L50|100/100\n|-weather|SunnyDay|[from] ability: Orichalcum Pulse|[of] p2b: Koraidon\n|-activate|p2a: Flutter Mane|ability: Protosynthesis\n|-start|p2a: Flutter Mane|protosynthesisspe\n|-activate|p2b: Koraidon|Orichalcum Pulse|[source]\n|-activate|p1b: Koraidon|ability: Orichalcum Pulse\n|turn|1\n|inactive|Sheevp has 30 seconds left.\n|\n|t:|1775809123\n|-terastallize|p1a: Kingambit|Fire\n|move|p2a: Flutter Mane|Protect|p2a: Flutter Mane\n|-singleturn|p2a: Flutter Mane|Protect\n|move|p1b: Koraidon|Protect|p1b: Koraidon\n|-singleturn|p1b: Koraidon|Protect\n|move|p2b: Koraidon|Flame Charge|p1a: Kingambit\n|-resisted|p1a: Kingambit\n|-damage|p1a: Kingambit|85/100\n|-boost|p2b: Koraidon|spe|1\n|move|p1a: Kingambit|Iron Head|p2a: Flutter Mane\n|-activate|p2a: Flutter Mane|move: Protect\n|\n|-weather|SunnyDay|[upkeep]\n|upkeep\n|turn|2\n|\n|t:|1775809134\n|switch|p1b: Lunala|Lunala, L50|100/100\n|move|p1a: Kingambit|Sucker Punch|p2a: Flutter Mane\n|-damage|p2a: Flutter Mane|17/100\n|move|p2a: Flutter Mane|Moonblast|p1b: Lunala\n|-damage|p1b: Lunala|83/100\n|move|p2b: Koraidon|Collision Course|p1a: Kingambit\n|-damage|p1a: Kingambit|28/100\n|\n|-weather|SunnyDay|[upkeep]\n|upkeep\n|turn|3\n|\n|t:|1775809151\n|-end|p2a: Flutter Mane|Protosynthesis|[silent]\n|switch|p2a: Clefairy|Clefairy, L50, M|100/100\n|-terastallize|p2b: Koraidon|Fire\n|move|p1a: Kingambit|Sucker Punch||[still]\n|-fail|p1a: Kingambit\n|move|p2b: Koraidon|Flare Blitz|p1b: Lunala\n|-damage|p1b: Lunala|0 fnt\n|faint|p1b: Lunala\n|-damage|p2b: Koraidon|66/100|[from] Recoil\n|\n|-weather|SunnyDay|[upkeep]\n|upkeep\n|\n|t:|1775809156\n|switch|p1b: Landorus|Landorus-Therian, L50, M|100/100\n|-ability|p1b: Landorus|Intimidate|boost\n|-unboost|p2a: Clefairy|atk|1\n|-fail|p2b: Koraidon|unboost|[from] item: Clear Amulet|[of] p2b: Koraidon\n|turn|4\n|-message|Sheevp forfeited.\n|\n|win|angrybook\n|raw|Sheevp's rating: 1423 &rarr; <strong>1412</strong><br />(-11 for losing)\n|raw|angrybook's rating: 1594 &rarr; <strong>1605</strong><br />(+11 for winning)\n|l|\u2606Sheevp\n|player|p1|\n|c|\u2606angrybook|gg\n|l|\u2606angrybook\n|player|p2|\n","uploadtime":1775809386,"views":8,"formatid":"gen9vgc2026regi","rating":1412,"private":0,"password":null}