{"id":"gen9vgc2026regi-2570823821","format":"[Gen 9] VGC 2026 Reg I","players":["Kwiper","hfyssgtslaaa"],"log":"|j|\u2606Kwiper\n|j|\u2606hfyssgtslaaa\n|t:|1774854662\n|gametype|doubles\n|player|p1|Kwiper|sycamore|1629\n|player|p2|hfyssgtslaaa|may-masters2|1459\n|gen|9\n|tier|[Gen 9] VGC 2026 Reg I\n|rated|\n|rule|Species Clause: Limit one of each Pok\u00e9mon\n|rule|Item Clause: Limit 1 of each item\n|clearpoke\n|poke|p1|Koraidon, L50|\n|poke|p1|Lunala, L50|\n|poke|p1|Indeedee-F, L50, F|\n|poke|p1|Flutter Mane, L50|\n|poke|p1|Volcarona, L50, M|\n|poke|p1|Ursaluna, L50, F|\n|poke|p2|Raging Bolt, L50|\n|poke|p2|Chien-Pao, L50|\n|poke|p2|Calyrex-Shadow, L50|\n|poke|p2|Rillaboom, L50, M|\n|poke|p2|Amoonguss, L50, F|\n|poke|p2|Zamazenta-*, L50|\n|teampreview|4\n|inactive|Battle timer is ON: inactive players will automatically lose when time's up. (requested by Kwiper)\n|inactive|hfyssgtslaaa also wants the timer to be on.\n|\n|t:|1774854686\n|teamsize|p1|4\n|teamsize|p2|4\n|start\n|switch|p1a: Lunala|Lunala, L50, shiny|100/100\n|switch|p1b: Indeedee|Indeedee-F, L50, F|100/100\n|switch|p2a: Calyrex|Calyrex-Shadow, L50|100/100\n|switch|p2b: Zamazenta|Zamazenta-Crowned, L50|100/100\n|-ability|p2a: Calyrex|As One\n|-ability|p2a: Calyrex|Unnerve\n|-ability|p2b: Zamazenta|Dauntless Shield|boost\n|-boost|p2b: Zamazenta|def|1\n|-fieldstart|move: Psychic Terrain|[from] ability: Psychic Surge|[of] p1b: Indeedee\n|turn|1\n|inactive|hfyssgtslaaa has 30 seconds left.\n|\n|t:|1774854718\n|-terastallize|p2a: Calyrex|Normal\n|move|p2a: Calyrex|Astral Barrage|p1b: Indeedee|[spread] p1a\n|-immune|p1b: Indeedee\n|-supereffective|p1a: Lunala\n|-damage|p1a: Lunala|24/100\n|move|p2b: Zamazenta|Behemoth Bash|p1a: Lunala\n|-damage|p1a: Lunala|0 fnt\n|faint|p1a: Lunala\n|move|p1b: Indeedee|Trick Room|p1b: Indeedee\n|-fieldstart|move: Trick Room|[of] p1b: Indeedee\n|\n|upkeep\n|\n|t:|1774854728\n|switch|p1a: Koraidon|Koraidon, L50, shiny|100/100\n|-weather|SunnyDay|[from] ability: Orichalcum Pulse|[of] p1a: Koraidon\n|-activate|p1a: Koraidon|Orichalcum Pulse|[source]\n|turn|2\n|\n|t:|1774854738\n|switch|p1b: Volcarona|Volcarona, L50, M|100/100\n|-terastallize|p1a: Koraidon|Fire\n|move|p2b: Zamazenta|Body Press|p1a: Koraidon\n|-damage|p1a: Koraidon|34/100\n|move|p1a: Koraidon|Flare Blitz|p2b: Zamazenta\n|-supereffective|p2b: Zamazenta\n|-damage|p2b: Zamazenta|0 fnt\n|faint|p2b: Zamazenta\n|-damage|p1a: Koraidon|0 fnt|[from] Recoil\n|faint|p1a: Koraidon\n|move|p2a: Calyrex|Psychic|p1b: Volcarona\n|-damage|p1b: Volcarona|44/100\n|\n|-weather|SunnyDay|[upkeep]\n|upkeep\n|-message|Kwiper forfeited.\n|\n|win|hfyssgtslaaa\n|raw|Kwiper's rating: 1629 &rarr; <strong>1600</strong><br />(-29 for losing)\n|raw|hfyssgtslaaa's rating: 1459 &rarr; <strong>1488</strong><br />(+29 for winning)\n","uploadtime":1774854745,"views":13,"formatid":"gen9vgc2026regi","rating":1488,"private":0,"password":null}