{"id":"gen9vgc2026regi-2532713282","format":"[Gen 9] VGC 2026 Reg I","players":["pzyxhic","not world"],"log":"|j|\u2606pzyxhic\n|j|\u2606not world\n|t:|1770217534\n|gametype|doubles\n|player|p1|pzyxhic|101|1465\n|player|p2|not world|caitlin|1500\n|gen|9\n|tier|[Gen 9] VGC 2026 Reg I\n|rated|\n|rule|Species Clause: Limit one of each Pok\u00e9mon\n|rule|Item Clause: Limit 1 of each item\n|clearpoke\n|poke|p1|Calyrex-Shadow, L50|\n|poke|p1|Chi-Yu, L50|\n|poke|p1|Whimsicott, L50, F|\n|poke|p1|Urshifu-*, L50, F|\n|poke|p1|Farigiraf, L50, F|\n|poke|p1|Kyurem-White, L50|\n|poke|p2|Calyrex-Ice, L50|\n|poke|p2|Kyogre, L50|\n|poke|p2|Urshifu-*, L50, F|\n|poke|p2|Tornadus, L50, M|\n|poke|p2|Rillaboom, L50, M|\n|poke|p2|Amoonguss, L50, M|\n|teampreview|4\n|\n|t:|1770217570\n|teamsize|p1|4\n|teamsize|p2|4\n|start\n|switch|p1a: Calyrex|Calyrex-Shadow, L50|100/100\n|switch|p1b: Whimsicott|Whimsicott, L50, F|100/100\n|switch|p2a: Tornadus|Tornadus, L50, M, shiny|100/100\n|switch|p2b: Kyogre|Kyogre, L50, shiny|100/100\n|-ability|p1a: Calyrex|As One\n|-ability|p1a: Calyrex|Unnerve\n|-weather|RainDance|[from] ability: Drizzle|[of] p2b: Kyogre\n|turn|1\n|\n|t:|1770217590\n|move|p1b: Whimsicott|Fake Tears|p2b: Kyogre\n|-unboost|p2b: Kyogre|spd|2\n|move|p1a: Calyrex|Astral Barrage|p2a: Tornadus|[spread] p2a,p2b\n|-damage|p2a: Tornadus|28/100\n|-damage|p2b: Kyogre|27/100\n|move|p2a: Tornadus|Bleakwind Storm|p1b: Whimsicott|[spread] p1a,p1b\n|-supereffective|p1b: Whimsicott\n|-damage|p1a: Calyrex|67/100\n|-damage|p1b: Whimsicott|13/100\n|move|p2b: Kyogre|Origin Pulse|p1a: Calyrex|[spread] p1a,p1b\n|-resisted|p1b: Whimsicott\n|-damage|p1a: Calyrex|0 fnt\n|-damage|p1b: Whimsicott|0 fnt\n|faint|p1a: Calyrex\n|faint|p1b: Whimsicott\n|\n|-weather|RainDance|[upkeep]\n|upkeep\n|\n|t:|1770217607\n|switch|p1a: Kyurem|Kyurem-White, L50|100/100\n|switch|p1b: Chi-Yu|Chi-Yu, L50|100/100\n|-ability|p1a: Kyurem|Turboblaze\n|-ability|p1b: Chi-Yu|Beads of Ruin\n|turn|2\n|\n|t:|1770217622\n|move|p1b: Chi-Yu|Protect|p1b: Chi-Yu\n|-singleturn|p1b: Chi-Yu|Protect\n|move|p2a: Tornadus|Tailwind|p2a: Tornadus\n|-sidestart|p2: not world|move: Tailwind\n|move|p2b: Kyogre|Origin Pulse|p1b: Chi-Yu|[spread] p1a\n|-activate|p1b: Chi-Yu|move: Protect\n|-resisted|p1a: Kyurem\n|-damage|p1a: Kyurem|46/100\n|move|p1a: Kyurem|Freeze-Dry|p2a: Tornadus\n|-supereffective|p2a: Tornadus\n|-damage|p2a: Tornadus|0 fnt\n|faint|p2a: Tornadus\n|\n|-weather|RainDance|[upkeep]\n|upkeep\n|\n|t:|1770217633\n|switch|p2a: Urshifu|Urshifu-Rapid-Strike, L50, F|100/100\n|turn|3\n|\n|t:|1770217644\n|-terastallize|p1b: Chi-Yu|Grass\n|move|p2a: Urshifu|Surging Strikes|p1b: Chi-Yu\n|-resisted|p1b: Chi-Yu\n|-crit|p1b: Chi-Yu\n|-damage|p1b: Chi-Yu|74/100\n|-resisted|p1b: Chi-Yu\n|-crit|p1b: Chi-Yu\n|-damage|p1b: Chi-Yu|46/100\n|-resisted|p1b: Chi-Yu\n|-crit|p1b: Chi-Yu\n|-damage|p1b: Chi-Yu|22/100\n|-hitcount|p1b: Chi-Yu|3\n|move|p2b: Kyogre|Origin Pulse|p1a: Kyurem|[spread] p1a,p1b\n|-resisted|p1a: Kyurem\n|-resisted|p1b: Chi-Yu\n|-damage|p1a: Kyurem|0 fnt\n|-damage|p1b: Chi-Yu|0 fnt\n|faint|p1a: Kyurem\n|faint|p1b: Chi-Yu\n|\n|win|not world\n|raw|pzyxhic's rating: 1465 &rarr; <strong>1447</strong><br />(-18 for losing)\n|raw|not world's rating: 1500 &rarr; <strong>1518</strong><br />(+18 for winning)\n|l|\u2606pzyxhic\n|player|p1|\n|l|\u2606not world\n|player|p2|\n","uploadtime":1770217910,"views":23,"formatid":"gen9vgc2026regi","rating":1447,"private":0,"password":null}