{"id":"gen9vgc2026regi-2565223406","format":"[Gen 9] VGC 2026 Reg I","players":["weyman808","clefci"],"log":"|j|\u2606weyman808\n|j|\u2606clefci\n|t:|1774246656\n|gametype|doubles\n|player|p1|weyman808|2|1355\n|player|p2|clefci|265|1270\n|gen|9\n|tier|[Gen 9] VGC 2026 Reg I\n|rated|\n|rule|Species Clause: Limit one of each Pok\u00e9mon\n|rule|Item Clause: Limit 1 of each item\n|clearpoke\n|poke|p1|Miraidon, L50|\n|poke|p1|Whimsicott, L50, M|\n|poke|p1|Urshifu-*, L50, M|\n|poke|p1|Incineroar, L50, F|\n|poke|p1|Calyrex-Shadow, L50|\n|poke|p1|Clefairy, L50, M|\n|poke|p2|Kyogre, L50|\n|poke|p2|Groudon, L50|\n|poke|p2|Wo-Chien, L50|\n|poke|p2|Urshifu-*, L50, F|\n|poke|p2|Shiftry, L50, M|\n|poke|p2|Raging Bolt, L50|\n|teampreview|4\n|inactive|Battle timer is ON: inactive players will automatically lose when time's up. (requested by weyman808)\n|inactive|weyman808 has 60 seconds left.\n|\n|t:|1774246705\n|teamsize|p1|4\n|teamsize|p2|4\n|start\n|switch|p1a: Miraidon|Miraidon, L50|100/100\n|switch|p1b: Whimsicott|Whimsicott, L50, M|100/100\n|switch|p2a: Groudon|Groudon, L50|100/100\n|switch|p2b: Shiftry|Shiftry, L50, M|100/100\n|-fieldstart|move: Electric Terrain|[from] ability: Hadron Engine|[of] p1a: Miraidon\n|-weather|SunnyDay|[from] ability: Drought|[of] p2a: Groudon\n|turn|1\n|inactive|clefci has 30 seconds left.\n|\n|t:|1774246732\n|move|p2b: Shiftry|Fake Out|p1a: Miraidon\n|-damage|p1a: Miraidon|91/100\n|move|p1b: Whimsicott|Tailwind|p1b: Whimsicott\n|-sidestart|p1: weyman808|move: Tailwind\n|cant|p1a: Miraidon|flinch\n|move|p2a: Groudon|Precipice Blades|p1a: Miraidon|[spread] p1a,p1b\n|-supereffective|p1a: Miraidon\n|-resisted|p1b: Whimsicott\n|-damage|p1a: Miraidon|0 fnt\n|-damage|p1b: Whimsicott|72/100\n|faint|p1a: Miraidon\n|\n|-weather|SunnyDay|[upkeep]\n|upkeep\n|l|\u2606weyman808\n|inactive|weyman808 disconnected and has a minute to reconnect!\n|player|p1|\n|inactive|weyman808 has 30 seconds left.\n|inactive|weyman808 has 20 seconds left.\n|inactive|weyman808 has 15 seconds left.\n|inactive|weyman808 has 10 seconds left.\n|inactive|weyman808 has 5 seconds left.\n|-message|weyman808 lost due to inactivity.\n|\n|win|clefci\n|raw|weyman808's rating: 1355 &rarr; <strong>1330</strong><br />(-25 for losing)\n|raw|clefci's rating: 1270 &rarr; <strong>1301</strong><br />(+31 for winning)\n|l|\u2606clefci\n|player|p2|\n","uploadtime":1774246960,"views":13,"formatid":"gen9vgc2026regi","rating":1301,"private":0,"password":null}