{"id":"gen9vgc2026regi-2564283376","format":"[Gen 9] VGC 2026 Reg I","players":["mytom30","conniecut"],"log":"|j|\u2606mytom30\n|j|\u2606conniecut\n|t:|1774128348\n|gametype|doubles\n|player|p1|mytom30|marshal|1074\n|player|p2|conniecut|lady|1114\n|gen|9\n|tier|[Gen 9] VGC 2026 Reg I\n|rated|\n|rule|Species Clause: Limit one of each Pok\u00e9mon\n|rule|Item Clause: Limit 1 of each item\n|clearpoke\n|poke|p1|Spidops, L50, M|\n|poke|p1|Lilligant-Hisui, L50, F|\n|poke|p1|Groudon, L50|\n|poke|p1|Volcarona, L50, M|\n|poke|p1|Oricorio-Pom-Pom, L50, F|\n|poke|p1|Clefairy, L50, F|\n|poke|p2|Calyrex-Ice, L50|\n|poke|p2|Sentret, L50, F|\n|poke|p2|Ho-Oh, L50|\n|poke|p2|Ursaluna-Bloodmoon, L50, M|\n|poke|p2|Amoonguss, L50, F|\n|poke|p2|Urshifu-*, L50, F|\n|teampreview|4\nmytom30 has agreed to open team sheets.\n|c|\u2606mytom30|this entret looks kinda autrocious in this mix...\n|\n|t:|1774128380\n|teamsize|p1|4\n|teamsize|p2|4\n|start\n|switch|p1a: Groudon|Groudon, L50|100/100\n|switch|p1b: Lilligant|Lilligant-Hisui, L50, F|100/100\n|switch|p2a: Calyrex|Calyrex-Ice, L50|100/100\n|switch|p2b: Sentret|Sentret, L50, F|100/100\n|-ability|p2a: Calyrex|As One\n|-ability|p2a: Calyrex|Unnerve\n|-weather|SunnyDay|[from] ability: Drought|[of] p1a: Groudon\n|-item|p1a: Groudon|Covert Cloak|[from] ability: Frisk|[of] p2b: Sentret\n|-item|p1b: Lilligant|Shell Bell|[from] ability: Frisk|[of] p2b: Sentret\n|turn|1\n|c|\u2606mytom30|Frisk is kinda useless when you have OTS up to disposition\n|\n|t:|1774128427\n|-terastallize|p1a: Groudon|Fire\n|move|p2b: Sentret|Follow Me|p2b: Sentret\n|-singleturn|p2b: Sentret|move: Follow Me\n|move|p1b: Lilligant|Brick Break|p2b: Sentret\n|-supereffective|p2b: Sentret\n|-enditem|p2b: Sentret|Focus Sash\n|-damage|p2b: Sentret|1/100\n|move|p1a: Groudon|Heat Crash|p2b: Sentret\n|-damage|p2b: Sentret|0 fnt\n|faint|p2b: Sentret\n|move|p2a: Calyrex|Glacial Lance|p1b: Lilligant|[spread] p1a,p1b\n|-resisted|p1a: Groudon\n|-supereffective|p1b: Lilligant\n|-damage|p1a: Groudon|72/100\n|-damage|p1b: Lilligant|0 fnt\n|faint|p1b: Lilligant\n|-ability|p2a: Calyrex|Chilling Neigh|boost\n|-boost|p2a: Calyrex|atk|1\n|\n|-weather|SunnyDay|[upkeep]\n|upkeep\n|\n|t:|1774128447\n|switch|p1b: Spidops|Spidops, L50, M, shiny|100/100\n|switch|p2b: Ho-Oh|Ho-Oh, L50|100/100\n|turn|2\n|\n|t:|1774128456\n|move|p2a: Calyrex|Protect|p2a: Calyrex\n|-singleturn|p2a: Calyrex|Protect\n|move|p1b: Spidops|First Impression|p2a: Calyrex\n|-activate|p2a: Calyrex|move: Protect\n|move|p1a: Groudon|Heat Crash|p2a: Calyrex\n|-activate|p2a: Calyrex|move: Protect\n|move|p2b: Ho-Oh|Tailwind|p2b: Ho-Oh\n|-sidestart|p2: conniecut|move: Tailwind\n|\n|-weather|SunnyDay|[upkeep]\n|upkeep\n|turn|3\n|\n|t:|1774128475\n|-terastallize|p2a: Calyrex|Fire\n|move|p1b: Spidops|Sucker Punch|p2a: Calyrex\n|-damage|p2a: Calyrex|91/100\n|move|p2b: Ho-Oh|Brave Bird|p1a: Groudon\n|-damage|p1a: Groudon|27/100\n|-damage|p2b: Ho-Oh|88/100|[from] Recoil\n|move|p1a: Groudon|Heat Crash|p2a: Calyrex\n|-resisted|p2a: Calyrex\n|-damage|p2a: Calyrex|79/100\n|move|p2a: Calyrex|Glacial Lance|p1b: Spidops|[spread] p1a,p1b\n|-resisted|p1a: Groudon\n|-damage|p1a: Groudon|0 fnt\n|-damage|p1b: Spidops|0 fnt\n|faint|p1a: Groudon\n|faint|p1b: Spidops\n|-ability|p2a: Calyrex|Chilling Neigh|boost\n|-boost|p2a: Calyrex|atk|2\n|\n|-weather|SunnyDay|[upkeep]\n|upkeep\n|\n|t:|1774128499\n|switch|p1a: Clefairy|Clefairy, L50, F|100/100\n|turn|4\n|-message|mytom30 forfeited.\n|\n|win|conniecut\n|raw|mytom30's rating: 1074 &rarr; <strong>1055</strong><br />(-19 for losing)\n|raw|conniecut's rating: 1114 &rarr; <strong>1136</strong><br />(+22 for winning)\n|l|\u2606mytom30\n|player|p1|\n|l|\u2606conniecut\n|player|p2|\n","uploadtime":1774128670,"views":11,"formatid":"gen9vgc2026regi","rating":1055,"private":0,"password":null}