{"id":"gen9vgc2026regi-2549848656","format":"[Gen 9] VGC 2026 Reg I","players":["lalo's pollos","GucciSoup"],"log":"|j|\u2606lalo's pollos\n|j|\u203dGucciSoup\n|t:|1772416347\n|gametype|doubles\n|player|p1|lalo's pollos|169|1472\n|player|p2|GucciSoup|wallace|1382\n|gen|9\n|tier|[Gen 9] VGC 2026 Reg I\n|rated|\n|rule|Species Clause: Limit one of each Pok\u00e9mon\n|rule|Item Clause: Limit 1 of each item\n|clearpoke\n|poke|p1|Zamazenta-*, L50|\n|poke|p1|Lunala, L50|\n|poke|p1|Rillaboom, L50, M|\n|poke|p1|Incineroar, L50, M|\n|poke|p1|Urshifu-*, L50, F|\n|poke|p1|Tornadus, L50, M|\n|poke|p2|Miraidon, L50|\n|poke|p2|Ursaluna, L50, M|\n|poke|p2|Whimsicott, L50, F|\n|poke|p2|Annihilape, L50, M|\n|poke|p2|Calyrex-Ice, L50|\n|poke|p2|Iron Valiant, L50|\n|teampreview|4\n|\n|t:|1772416381\n|teamsize|p1|4\n|teamsize|p2|4\n|start\n|switch|p1a: Zamazenta|Zamazenta-Crowned, L50|100/100\n|switch|p1b: Tornadus|Tornadus, L50, M|100/100\n|switch|p2a: Annihilape|Annihilape, L50, M|100/100\n|switch|p2b: Iron Valiant|Iron Valiant, L50|100/100\n|-ability|p1a: Zamazenta|Dauntless Shield|boost\n|-boost|p1a: Zamazenta|def|1\n|-enditem|p2b: Iron Valiant|Booster Energy\n|-activate|p2b: Iron Valiant|ability: Quark Drive|[fromitem]\n|-start|p2b: Iron Valiant|quarkdrivespe\n|turn|1\n|j| danilow\n|\n|t:|1772416418\n|move|p1a: Zamazenta|Protect|p1a: Zamazenta\n|-singleturn|p1a: Zamazenta|Protect\n|move|p2b: Iron Valiant|Coaching|p2a: Annihilape\n|-boost|p2a: Annihilape|atk|1\n|-boost|p2a: Annihilape|def|1\n|move|p1b: Tornadus|Bleakwind Storm|p2b: Iron Valiant|[spread] p2a,p2b\n|-supereffective|p2a: Annihilape\n|-supereffective|p2b: Iron Valiant\n|-damage|p2a: Annihilape|62/100\n|-damage|p2b: Iron Valiant|0 fnt\n|faint|p2b: Iron Valiant\n|-end|p2b: Iron Valiant|Quark Drive|[silent]\n|move|p2a: Annihilape|Rage Fist|p1b: Tornadus\n|-enditem|p1b: Tornadus|Focus Sash\n|-damage|p1b: Tornadus|1/100\n|\n|upkeep\n|\n|t:|1772416436\n|switch|p2b: Calyrex|Calyrex-Ice, L50|100/100\n|-ability|p2b: Calyrex|As One\n|-ability|p2b: Calyrex|Unnerve\n|turn|2\n|\n|t:|1772416450\n|move|p1b: Tornadus|Bleakwind Storm|p2a: Annihilape|[spread] p2a,p2b\n|-supereffective|p2a: Annihilape\n|-damage|p2a: Annihilape|18/100\n|-damage|p2b: Calyrex|74/100\n|move|p1a: Zamazenta|Body Press|p2b: Calyrex\n|-damage|p2b: Calyrex|29/100\n|move|p2a: Annihilape|Rage Fist|p1a: Zamazenta\n|-damage|p1a: Zamazenta|63/100\n|move|p2b: Calyrex|Trick Room|p2b: Calyrex\n|-fieldstart|move: Trick Room|[of] p2b: Calyrex\n|\n|upkeep\n|turn|3\n|\n|t:|1772416469\n|move|p1a: Zamazenta|Wide Guard|p1a: Zamazenta\n|-singleturn|p1a: Zamazenta|Wide Guard\n|move|p2b: Calyrex|Glacial Lance|p1b: Tornadus|[spread] \n|-activate|p1a: Zamazenta|move: Wide Guard\n|-activate|p1b: Tornadus|move: Wide Guard\n|move|p2a: Annihilape|Drain Punch|p1a: Zamazenta\n|-supereffective|p1a: Zamazenta\n|-damage|p1a: Zamazenta|22/100\n|-heal|p2a: Annihilape|34/100|[from] drain|[of] p1a: Zamazenta\n|move|p1b: Tornadus|Bleakwind Storm|p2a: Annihilape|[spread] p2a\n|-miss|p1b: Tornadus|p2b: Calyrex\n|-supereffective|p2a: Annihilape\n|-damage|p2a: Annihilape|0 fnt\n|faint|p2a: Annihilape\n|\n|upkeep\n|\n|t:|1772416473\n|switch|p2a: Miraidon|Miraidon, L50|100/100\n|-fieldstart|move: Electric Terrain|[from] ability: Hadron Engine|[of] p2a: Miraidon\n|turn|4\n|\n|t:|1772416490\n|move|p2b: Calyrex|Life Dew||[still]|[spread] p2a,p2b\n|-fail|p2a: Miraidon|heal\n|-heal|p2b: Calyrex|54/100\n|move|p1a: Zamazenta|Body Press|p2a: Miraidon\n|-damage|p2a: Miraidon|25/100\n|move|p1b: Tornadus|Bleakwind Storm|p2a: Miraidon|[spread] p2a,p2b\n|-resisted|p2a: Miraidon\n|-damage|p2a: Miraidon|7/100\n|-damage|p2b: Calyrex|26/100\n|move|p2a: Miraidon|Electro Drift|p1a: Zamazenta\n|-damage|p1a: Zamazenta|0 fnt\n|faint|p1a: Zamazenta\n|\n|upkeep\n|-message|GucciSoup forfeited.\n|\n|win|lalo's pollos\n|raw|lalo&apos;s pollos's rating: 1472 &rarr; <strong>1487</strong><br />(+15 for winning)\n|raw|GucciSoup's rating: 1382 &rarr; <strong>1367</strong><br />(-15 for losing)\n|l|\u203dGucciSoup\n|player|p2|\n|l| danilow\n","uploadtime":1772416653,"views":14,"formatid":"gen9vgc2026regi","rating":1367,"private":0,"password":null}