{"id":"gen9vgc2026regi-2523548633","format":"[Gen 9] VGC 2026 Reg I","players":["Raikito21","zonavideovigilada"],"log":"|j|\u2606Raikito21\n|j|\u2606zonavideovigilada\n|t:|1769036442\n|gametype|doubles\n|player|p1|Raikito21|adaman|1435\n|player|p2|zonavideovigilada|102|1423\n|gen|9\n|tier|[Gen 9] VGC 2026 Reg I\n|rated|\n|rule|Species Clause: Limit one of each Pok\u00e9mon\n|rule|Item Clause: Limit 1 of each item\n|clearpoke\n|poke|p1|Rayquaza, L50|\n|poke|p1|Zamazenta-*, L50|\n|poke|p1|Flutter Mane, L50|\n|poke|p1|Chien-Pao, L50|\n|poke|p1|Ogerpon-Hearthflame, L50, F|\n|poke|p1|Urshifu-*, L50, M|\n|poke|p2|Chien-Pao, L50|\n|poke|p2|Calyrex-Shadow, L50|\n|poke|p2|Zamazenta-*, L50|\n|poke|p2|Amoonguss, L50, M|\n|poke|p2|Chi-Yu, L50|\n|poke|p2|Rillaboom, L50, M|\n|teampreview|4\n|inactive|Battle timer is ON: inactive players will automatically lose when time's up. (requested by zonavideovigilada)\n|inactive|Raikito21 has 60 seconds left.\n|l|\u2606zonavideovigilada\n|inactive|zonavideovigilada disconnected and has a minute to reconnect!\n|player|p2|\n|j|\u2606zonavideovigilada\n|inactive|zonavideovigilada reconnected.\n|player|p2|zonavideovigilada|102|\n|inactive|Raikito21 has 30 seconds left.\n|inactive|Raikito21 has 20 seconds left.\n|inactive|Raikito21 has 15 seconds left.\n|inactive|Raikito21 has 10 seconds left.\n|inactive|Raikito21 has 5 seconds left.\n|\n|t:|1769036558\n|teamsize|p1|4\n|teamsize|p2|4\n|start\n|switch|p1a: Rayquaza|Rayquaza, L50, shiny|100/100\n|switch|p1b: Zamazenta|Zamazenta-Crowned, L50|100/100\n|switch|p2a: Amoonguss|Amoonguss, L50, M|100/100\n|switch|p2b: Zamazenta|Zamazenta-Crowned, L50|100/100\n|-ability|p2b: Zamazenta|Dauntless Shield|boost\n|-boost|p2b: Zamazenta|def|1\n|-ability|p1b: Zamazenta|Dauntless Shield|boost\n|-boost|p1b: Zamazenta|def|1\n|-ability|p1a: Rayquaza|Air Lock\n|turn|1\n|inactive|Raikito21 has 30 seconds left.\n|inactive|Raikito21 has 20 seconds left.\n|inactive|Raikito21 has 15 seconds left.\n|inactive|Raikito21 has 10 seconds left.\n|inactive|Raikito21 has 5 seconds left.\n|\n|t:|1769036614\n|-terastallize|p2a: Amoonguss|Water\n|move|p1a: Rayquaza|Extreme Speed|p2b: Zamazenta\n|-resisted|p2b: Zamazenta\n|-damage|p2b: Zamazenta|93/100\n|-damage|p1a: Rayquaza|91/100|[from] item: Life Orb\n|move|p2b: Zamazenta|Body Press|p1b: Zamazenta\n|-supereffective|p1b: Zamazenta\n|-damage|p1b: Zamazenta|45/100\n|move|p1b: Zamazenta|Body Press|p2a: Amoonguss\n|-damage|p2a: Amoonguss|44/100\n|-damage|p1b: Zamazenta|29/100|[from] item: Rocky Helmet|[of] p2a: Amoonguss\n|move|p2a: Amoonguss|Spore|p1a: Rayquaza\n|-status|p1a: Rayquaza|slp|[from] move: Spore\n|\n|upkeep\n|turn|2\n|inactive|Raikito21 has 30 seconds left.\n|inactive|Raikito21 has 20 seconds left.\n|inactive|Raikito21 has 15 seconds left.\n|\n|t:|1769036657\n|switch|p2a: Calyrex|Calyrex-Shadow, L50|100/100\n|-ability|p2a: Calyrex|As One\n|-ability|p2a: Calyrex|Unnerve\n|move|p1b: Zamazenta|Protect|p1b: Zamazenta\n|-singleturn|p1b: Zamazenta|Protect\n|move|p2b: Zamazenta|Body Press|p1b: Zamazenta\n|-activate|p1b: Zamazenta|move: Protect\n|cant|p1a: Rayquaza|slp\n|\n|upkeep\n|turn|3\n|inactive|zonavideovigilada has 30 seconds left.\n|\n|t:|1769036684\n|move|p1b: Zamazenta|Wide Guard|p1b: Zamazenta\n|-singleturn|p1b: Zamazenta|Wide Guard\n|move|p2a: Calyrex|Encore|p1a: Rayquaza\n|-start|p1a: Rayquaza|Encore\n|move|p2b: Zamazenta|Body Press|p1b: Zamazenta\n|-supereffective|p1b: Zamazenta\n|-damage|p1b: Zamazenta|0 fnt\n|faint|p1b: Zamazenta\n|cant|p1a: Rayquaza|slp\n|\n|upkeep\n|\n|t:|1769036705\n|switch|p1b: Flutter Mane|Flutter Mane, L50|100/100\n|-enditem|p1b: Flutter Mane|Booster Energy\n|-activate|p1b: Flutter Mane|ability: Protosynthesis|[fromitem]\n|-start|p1b: Flutter Mane|protosynthesisspe\n|turn|4\n|\n|t:|1769036717\n|switch|p1a: Chien-Pao|Chien-Pao, L50|100/100\n|-ability|p1a: Chien-Pao|Sword of Ruin\n|move|p1b: Flutter Mane|Protect|p1b: Flutter Mane\n|-singleturn|p1b: Flutter Mane|Protect\n|move|p2a: Calyrex|Astral Barrage|p1a: Chien-Pao|[spread] p1a\n|-activate|p1b: Flutter Mane|move: Protect\n|-resisted|p1a: Chien-Pao\n|-damage|p1a: Chien-Pao|57/100\n|move|p2b: Zamazenta|Heavy Slam|p1a: Chien-Pao\n|-supereffective|p1a: Chien-Pao\n|-damage|p1a: Chien-Pao|0 fnt\n|faint|p1a: Chien-Pao\n|\n|upkeep\n|-message|Raikito21 forfeited.\n|\n|win|zonavideovigilada\n|raw|Raikito21's rating: 1435 &rarr; <strong>1414</strong><br />(-21 for losing)\n|raw|zonavideovigilada's rating: 1423 &rarr; <strong>1444</strong><br />(+21 for winning)\n|l|\u2606Raikito21\n|player|p1|\n|l|\u2606zonavideovigilada\n|player|p2|\n","uploadtime":1769036919,"views":22,"formatid":"gen9vgc2026regi","rating":1414,"private":0,"password":null}