{"id":"gen9vgc2026regi-2577773886","format":"[Gen 9] VGC 2026 Reg I","players":["bullgod4ever","KaiMVGC"],"log":"|j|\u2606bullgod4ever\n|j|\u2606KaiMVGC\n|t:|1775604516\n|gametype|doubles\n|player|p1|bullgod4ever|101|1654\n|player|p2|KaiMVGC|boarder|1626\n|gen|9\n|tier|[Gen 9] VGC 2026 Reg I\n|rated|\n|rule|Species Clause: Limit one of each Pok\u00e9mon\n|rule|Item Clause: Limit 1 of each item\n|clearpoke\n|poke|p1|Calyrex-Shadow, L50|\n|poke|p1|Zamazenta-*, L50|\n|poke|p1|Chien-Pao, L50|\n|poke|p1|Dragonite, L50, F|\n|poke|p1|Amoonguss, L50, F|\n|poke|p1|Ogerpon-Cornerstone, L50, F|\n|poke|p2|Calyrex-Shadow, L50|\n|poke|p2|Zamazenta-*, L50|\n|poke|p2|Rillaboom, L50, F|\n|poke|p2|Raging Bolt, L50|\n|poke|p2|Smeargle, L50, F|\n|poke|p2|Tornadus, L50, M|\n|teampreview|4\n|\n|t:|1775604542\n|teamsize|p1|4\n|teamsize|p2|4\n|start\n|switch|p1a: Dragonite|Dragonite, L50, F|100/100\n|switch|p1b: Chien-Pao|Chien-Pao, L50|100/100\n|switch|p2a: T-Wind|Tornadus, L50, M|100/100\n|switch|p2b: Dark Void X|Smeargle, L50, F|100/100\n|-ability|p1b: Chien-Pao|Sword of Ruin\n|turn|1\n|\n|t:|1775604558\n|-terastallize|p1a: Dragonite|Normal\n|move|p2b: Dark Void X|Fake Out|p1b: Chien-Pao\n|-damage|p1b: Chien-Pao|95/100\n|move|p1a: Dragonite|Extreme Speed|p2b: Dark Void X\n|-enditem|p2b: Dark Void X|Focus Sash\n|-damage|p2b: Dark Void X|1/100\n|cant|p1b: Chien-Pao|flinch\n|move|p2a: T-Wind|Bleakwind Storm|p1b: Chien-Pao|[spread] p1a,p1b\n|-damage|p1a: Dragonite|62/100\n|-damage|p1b: Chien-Pao|61/100\n|\n|-ability|p2b: Dark Void X|Moody|boost\n|-boost|p2b: Dark Void X|spd|2\n|-unboost|p2b: Dark Void X|atk|1\n|upkeep\n|turn|2\n|\n|t:|1775604579\n|-terastallize|p2b: Dark Void X|Ghost\n|move|p1a: Dragonite|Extreme Speed|p2a: T-Wind\n|-damage|p2a: T-Wind|0 fnt\n|faint|p2a: T-Wind\n|move|p1b: Chien-Pao|Ice Shard|p2b: Dark Void X\n|-damage|p2b: Dark Void X|0 fnt\n|faint|p2b: Dark Void X\n|\n|upkeep\n|\n|t:|1775604584\n|switch|p2a: Notorious CSR|Calyrex-Shadow, L50|100/100\n|switch|p2b: 50 Zent|Zamazenta-Crowned, L50|100/100\n|-ability|p2a: Notorious CSR|As One\n|-ability|p2a: Notorious CSR|Unnerve\n|-ability|p2b: 50 Zent|Dauntless Shield|boost\n|-boost|p2b: 50 Zent|def|1\n|turn|3\n|-message|KaiMVGC forfeited.\n|\n|win|bullgod4ever\n|raw|bullgod4ever's rating: 1654 &rarr; <strong>1672</strong><br />(+18 for winning)\n|raw|KaiMVGC's rating: 1626 &rarr; <strong>1608</strong><br />(-18 for losing)\n|l|\u2606KaiMVGC\n|player|p2|\n|l|\u2606bullgod4ever\n|player|p1|\n","uploadtime":1775604838,"views":18,"formatid":"gen9vgc2026regi","rating":1608,"private":0,"password":null}