{"id":"gen9vgc2026regi-2539762624","format":"[Gen 9] VGC 2026 Reg I","players":["thegreatestgalar","j0l0k0"],"log":"|j|\u2606thegreatestgalar\n|j|\u2606j0l0k0\n|t:|1771105794\n|gametype|doubles\n|player|p1|thegreatestgalar|veteran|1387\n|player|p2|j0l0k0|brycen|1483\n|gen|9\n|tier|[Gen 9] VGC 2026 Reg I\n|rated|\n|rule|Species Clause: Limit one of each Pok\u00e9mon\n|rule|Item Clause: Limit 1 of each item\n|clearpoke\n|poke|p1|Calyrex-Shadow, L50|\n|poke|p1|Kyogre, L50|\n|poke|p1|Tornadus, L50, M|\n|poke|p1|Ogerpon-Cornerstone, L50, F|\n|poke|p1|Clefairy, L50, M|\n|poke|p1|Mienshao, L50, M|\n|poke|p2|Calyrex-Ice, L50|\n|poke|p2|Kyogre, L50|\n|poke|p2|Indeedee-F, L50, F|\n|poke|p2|Urshifu-*, L50, F|\n|poke|p2|Amoonguss, L50, F|\n|poke|p2|Landorus, L50, M|\n|teampreview|4\n|inactive|Battle timer is ON: inactive players will automatically lose when time's up. (requested by j0l0k0)\n|\n|t:|1771105817\n|teamsize|p1|4\n|teamsize|p2|4\n|start\n|switch|p1a: Kyogre|Kyogre, L50|100/100\n|switch|p1b: Clefairy|Clefairy, L50, M|100/100\n|switch|p2a: Kyogre|Kyogre, L50, shiny|100/100\n|switch|p2b: Indeedee|Indeedee-F, L50, F, shiny|100/100\n|-weather|RainDance|[from] ability: Drizzle|[of] p1a: Kyogre\n|-fieldstart|move: Psychic Terrain|[from] ability: Psychic Surge|[of] p2b: Indeedee\n|turn|1\n|\n|t:|1771105834\n|move|p2b: Indeedee|Helping Hand|p2a: Kyogre\n|-singleturn|p2a: Kyogre|Helping Hand|[of] p2b: Indeedee\n|move|p1b: Clefairy|Helping Hand|p1a: Kyogre\n|-singleturn|p1a: Kyogre|Helping Hand|[of] p1b: Clefairy\n|move|p1a: Kyogre|Water Spout|p2b: Indeedee|[spread] p2a,p2b\n|-resisted|p2a: Kyogre\n|-damage|p2a: Kyogre|64/100\n|-damage|p2b: Indeedee|0 fnt\n|faint|p2b: Indeedee\n|move|p2a: Kyogre|Thunder|p1a: Kyogre\n|-supereffective|p1a: Kyogre\n|-damage|p1a: Kyogre|20/100\n|-status|p1a: Kyogre|par\n|\n|-weather|RainDance|[upkeep]\n|upkeep\n|\n|t:|1771105852\n|switch|p2b: Calyrex|Calyrex-Ice, L50|100/100\n|-ability|p2b: Calyrex|As One\n|-ability|p2b: Calyrex|Unnerve\n|turn|2\n|inactive|thegreatestgalar has 30 seconds left.\n|\n|t:|1771105884\n|switch|p1b: Mienshao|Mienshao, L50, M|100/100\n|move|p2a: Kyogre|Water Spout|p1a: Kyogre|[spread] p1a,p1b\n|-resisted|p1a: Kyogre\n|-damage|p1a: Kyogre|0 fnt\n|-enditem|p1b: Mienshao|Focus Sash\n|-damage|p1b: Mienshao|1/100\n|faint|p1a: Kyogre\n|move|p2b: Calyrex|Trick Room|p2b: Calyrex\n|-fieldstart|move: Trick Room|[of] p2b: Calyrex\n|\n|-weather|RainDance|[upkeep]\n|upkeep\n|\n|t:|1771105888\n|switch|p1a: Calyrex|Calyrex-Shadow, L50|100/100\n|-ability|p1a: Calyrex|As One\n|-ability|p1a: Calyrex|Unnerve\n|turn|3\n|\n|t:|1771105901\n|-terastallize|p2b: Calyrex|Normal\n|move|p1a: Calyrex|Protect|p1a: Calyrex\n|-singleturn|p1a: Calyrex|Protect\n|move|p2b: Calyrex|Crunch|p1a: Calyrex\n|-activate|p1a: Calyrex|move: Protect\n|move|p2a: Kyogre|Thunder|p1b: Mienshao\n|-damage|p1b: Mienshao|0 fnt\n|faint|p1b: Mienshao\n|\n|-weather|RainDance|[upkeep]\n|upkeep\n|-message|thegreatestgalar forfeited.\n|\n|win|j0l0k0\n|raw|thegreatestgalar's rating: 1387 &rarr; <strong>1372</strong><br />(-15 for losing)\n|raw|j0l0k0's rating: 1483 &rarr; <strong>1498</strong><br />(+15 for winning)\n|l|\u2606thegreatestgalar\n|player|p1|\n|l|\u2606j0l0k0\n|player|p2|\n","uploadtime":1771106124,"views":30,"formatid":"gen9vgc2026regi","rating":1372,"private":0,"password":null}