{"id":"gen9vgc2026regi-2531719013","format":"[Gen 9] VGC 2026 Reg I","players":["infinitygroudon","lalo's pollos"],"log":"|j|\u2606infinitygroudon\n|j|\u2606lalo's pollos\n|t:|1770088150\n|gametype|doubles\n|player|p1|infinitygroudon|266|1374\n|player|p2|lalo's pollos|2|1384\n|gen|9\n|tier|[Gen 9] VGC 2026 Reg I\n|rated|\n|rule|Species Clause: Limit one of each Pok\u00e9mon\n|rule|Item Clause: Limit 1 of each item\n|clearpoke\n|poke|p1|Kyogre, L50|\n|poke|p1|Palkia-Origin, L50|\n|poke|p1|Farigiraf, L50, M|\n|poke|p1|Archaludon, L50, M|\n|poke|p1|Iron Jugulis, L50|\n|poke|p1|Raging Bolt, L50|\n|poke|p2|Miraidon, L50|\n|poke|p2|Landorus, L50, M|\n|poke|p2|Incineroar, L50, F|\n|poke|p2|Iron Bundle, L50|\n|poke|p2|Farigiraf, L50, F|\n|poke|p2|Calyrex-Ice, L50|\n|teampreview|4\n|\n|t:|1770088183\n|teamsize|p1|4\n|teamsize|p2|4\n|start\n|switch|p1a: Archibald|Archaludon, L50, M, shiny|100/100\n|switch|p1b: Piratebeard|Kyogre, L50|100/100\n|switch|p2a: Co-Star|Miraidon, L50|100/100\n|switch|p2b: the Star|Iron Bundle, L50|100/100\n|-weather|RainDance|[from] ability: Drizzle|[of] p1b: Piratebeard\n|-fieldstart|move: Electric Terrain|[from] ability: Hadron Engine|[of] p2a: Co-Star\n|-activate|p2b: the Star|ability: Quark Drive\n|-start|p2b: the Star|quarkdrivespe\n|turn|1\n|\n|t:|1770088196\n|-terastallize|p1a: Archibald|Fairy\n|move|p2b: the Star|Icy Wind|p1b: Piratebeard|[spread] p1a,p1b\n|-resisted|p1b: Piratebeard\n|-damage|p1a: Archibald|84/100\n|-damage|p1b: Piratebeard|93/100\n|-unboost|p1a: Archibald|spe|1\n|-unboost|p1b: Piratebeard|spe|1\n|-ability|p1a: Archibald|Stamina|boost\n|-boost|p1a: Archibald|def|1\n|move|p2a: Co-Star|Draco Meteor|p1a: Archibald\n|-immune|p1a: Archibald\n|move|p1b: Piratebeard|Thunder|p2b: the Star\n|-supereffective|p2b: the Star\n|-enditem|p2b: the Star|Focus Sash\n|-damage|p2b: the Star|1/100\n|move|p1a: Archibald|Draco Meteor|p2a: Co-Star\n|-supereffective|p2a: Co-Star\n|-damage|p2a: Co-Star|0 fnt\n|-unboost|p1a: Archibald|spa|2\n|faint|p2a: Co-Star\n|\n|-weather|RainDance|[upkeep]\n|upkeep\n|\n|t:|1770088201\n|switch|p2a: Landorus|Landorus, L50, M|100/100\n|turn|2\n|\n|t:|1770088209\n|switch|p1b: Jorris|Iron Jugulis, L50|100/100\n|-activate|p1b: Jorris|ability: Quark Drive\n|-start|p1b: Jorris|quarkdrivespe\n|move|p2b: the Star|Freeze-Dry|p1b: Jorris\n|-supereffective|p1b: Jorris\n|-damage|p1b: Jorris|31/100\n|move|p2a: Landorus|Sandsear Storm|p1b: Jorris|[spread] p1a\n|-immune|p1b: Jorris\n|-damage|p1a: Archibald|37/100\n|-ability|p1a: Archibald|Stamina|boost\n|-boost|p1a: Archibald|def|1\n|move|p1a: Archibald|Electro Shot||[still]\n|-prepare|p1a: Archibald|Electro Shot\n|-boost|p1a: Archibald|spa|1\n|-anim|p1a: Archibald|Electro Shot|p2b: the Star\n|-supereffective|p2b: the Star\n|-damage|p2b: the Star|0 fnt\n|faint|p2b: the Star\n|-end|p2b: the Star|Quark Drive|[silent]\n|\n|-weather|RainDance|[upkeep]\n|upkeep\n|\n|t:|1770088228\n|switch|p2b: Calyrex|Calyrex-Ice, L50|100/100\n|-ability|p2b: Calyrex|As One\n|-ability|p2b: Calyrex|Unnerve\n|turn|3\n|\n|t:|1770088249\n|move|p2b: Calyrex|Protect|p2b: Calyrex\n|-singleturn|p2b: Calyrex|Protect\n|move|p1b: Jorris|Hurricane|p2a: Landorus\n|-damage|p2a: Landorus|41/100\n|move|p2a: Landorus|Sludge Bomb|p1b: Jorris\n|-damage|p1b: Jorris|0 fnt\n|faint|p1b: Jorris\n|-end|p1b: Jorris|Quark Drive|[silent]\n|move|p1a: Archibald|Draco Meteor|p2a: Landorus\n|-damage|p2a: Landorus|0 fnt\n|-unboost|p1a: Archibald|spa|2\n|faint|p2a: Landorus\n|\n|-weather|RainDance|[upkeep]\n|upkeep\n|\n|t:|1770088254\n|switch|p1b: Piratebeard|Kyogre, L50|93/100\n|turn|4\n|-message|lalo's pollos forfeited.\n|\n|win|infinitygroudon\n|raw|infinitygroudon's rating: 1397 &rarr; <strong>1416</strong><br />(+19 for winning)\n|raw|lalo&apos;s pollos's rating: 1384 &rarr; <strong>1365</strong><br />(-19 for losing)\n|l|\u2606lalo's pollos\n|player|p2|\n|l|\u2606infinitygroudon\n|player|p1|\n","uploadtime":1770088515,"views":14,"formatid":"gen9vgc2026regi","rating":1365,"private":0,"password":null}