{"id":"gen9vgc2026regi-2541640962","format":"[Gen 9] VGC 2026 Reg I","players":["j0l0k0","dawillys"],"log":"|j|\u2606j0l0k0\n|j|\u2606dawillys\n|t:|1771354929\n|gametype|doubles\n|player|p1|j0l0k0|brycen|1446\n|player|p2|dawillys|102|1416\n|gen|9\n|tier|[Gen 9] VGC 2026 Reg I\n|rated|\n|rule|Species Clause: Limit one of each Pok\u00e9mon\n|rule|Item Clause: Limit 1 of each item\n|clearpoke\n|poke|p1|Calyrex-Ice, L50|\n|poke|p1|Kyogre, L50|\n|poke|p1|Indeedee-F, L50, F|\n|poke|p1|Urshifu-*, L50, F|\n|poke|p1|Amoonguss, L50, F|\n|poke|p1|Landorus, L50, M|\n|poke|p2|Calyrex-Ice, L50|\n|poke|p2|Miraidon, L50|\n|poke|p2|Thundurus, L50, M|\n|poke|p2|Urshifu-*, L50, F|\n|poke|p2|Archaludon, L50, M|\n|poke|p2|Klefki, L50, M|\n|teampreview|4\n|inactive|Battle timer is ON: inactive players will automatically lose when time's up. (requested by j0l0k0)\n|\n|t:|1771354946\n|teamsize|p1|4\n|teamsize|p2|4\n|start\n|switch|p1a: Kyogre|Kyogre, L50, shiny|100/100\n|switch|p1b: Landorus|Landorus, L50, M, shiny|100/100\n|switch|p2a: Thundurus|Thundurus, L50, M|100/100\n|switch|p2b: Urshifu|Urshifu-Rapid-Strike, L50, F|100/100\n|-weather|RainDance|[from] ability: Drizzle|[of] p1a: Kyogre\n|turn|1\n|inactive|j0l0k0 has 30 seconds left.\n|inactive|dawillys has 30 seconds left.\n|inactive|j0l0k0 has 20 seconds left.\n|inactive|dawillys has 20 seconds left.\n|inactive|dawillys has 15 seconds left.\n|inactive|dawillys has 10 seconds left.\n|\n|t:|1771354997\n|switch|p1b: Urshifu|Urshifu, L50, F|100/100\n|-terastallize|p1a: Kyogre|Grass\n|move|p2a: Thundurus|Eerie Impulse|p1a: Kyogre\n|-unboost|p1a: Kyogre|spa|2\n|move|p2b: Urshifu|Surging Strikes|p1b: Urshifu\n|-crit|p1b: Urshifu\n|-damage|p1b: Urshifu|64/100\n|-crit|p1b: Urshifu\n|-damage|p1b: Urshifu|28/100\n|-crit|p1b: Urshifu\n|-damage|p1b: Urshifu|0 fnt\n|faint|p1b: Urshifu\n|-hitcount|p1: Urshifu|3\n|move|p1a: Kyogre|Thunder|p2b: Urshifu\n|-supereffective|p2b: Urshifu\n|-damage|p2b: Urshifu|30/100\n|\n|-weather|RainDance|[upkeep]\n|upkeep\n|\n|t:|1771355013\n|switch|p1b: Calyrex|Calyrex-Ice, L50|100/100\n|-ability|p1b: Calyrex|As One\n|-ability|p1b: Calyrex|Unnerve\n|turn|2\n|\n|t:|1771355030\n|move|p2a: Thundurus|Taunt|p1b: Calyrex\n|-start|p1b: Calyrex|move: Taunt\n|move|p2b: Urshifu|Surging Strikes|p1b: Calyrex\n|-crit|p1b: Calyrex\n|-damage|p1b: Calyrex|79/100\n|-crit|p1b: Calyrex\n|-damage|p1b: Calyrex|58/100\n|-crit|p1b: Calyrex\n|-damage|p1b: Calyrex|38/100\n|-hitcount|p1b: Calyrex|3\n|move|p1a: Kyogre|Ice Beam|p2a: Thundurus\n|-supereffective|p2a: Thundurus\n|-damage|p2a: Thundurus|64/100\n|move|p1b: Calyrex|Glacial Lance|p2a: Thundurus|[spread] p2a,p2b\n|-supereffective|p2a: Thundurus\n|-resisted|p2b: Urshifu\n|-damage|p2a: Thundurus|0 fnt\n|-damage|p2b: Urshifu|0 fnt\n|faint|p2a: Thundurus\n|faint|p2b: Urshifu\n|-ability|p1b: Calyrex|Chilling Neigh|boost\n|-boost|p1b: Calyrex|atk|2\n|\n|-weather|RainDance|[upkeep]\n|upkeep\n|\n|t:|1771355051\n|switch|p2b: Calyrex|Calyrex-Ice, L50|100/100\n|switch|p2a: Miraidon|Miraidon, L50|100/100\n|-ability|p2b: Calyrex|As One\n|-ability|p2b: Calyrex|Unnerve\n|-fieldstart|move: Electric Terrain|[from] ability: Hadron Engine|[of] p2a: Miraidon\n|turn|3\n|\n|t:|1771355069\n|switch|p1a: Landorus|Landorus, L50, M, shiny|100/100\n|move|p2a: Miraidon|Electro Drift|p1b: Calyrex\n|-damage|p1b: Calyrex|0 fnt\n|faint|p1b: Calyrex\n|move|p2b: Calyrex|Imprison|p2b: Calyrex\n|-start|p2b: Calyrex|move: Imprison\n|\n|-weather|RainDance|[upkeep]\n|upkeep\n|\n|t:|1771355077\n|switch|p1b: Kyogre|Kyogre, L50, shiny, tera:Grass|100/100\n|turn|4\n|\n|t:|1771355099\n|-terastallize|p2b: Calyrex|Dragon\n|move|p2a: Miraidon|Dragon Pulse|p1b: Kyogre\n|-damage|p1b: Kyogre|73/100\n|move|p1a: Landorus|Sandsear Storm|p2b: Calyrex|[spread] p2a,p2b\n|-supereffective|p2a: Miraidon\n|-damage|p2a: Miraidon|19/100\n|-damage|p2b: Calyrex|60/100\n|move|p1b: Kyogre|Water Spout|p2b: Calyrex|[spread] p2a,p2b\n|-resisted|p2a: Miraidon\n|-resisted|p2b: Calyrex\n|-damage|p2a: Miraidon|0 fnt\n|-damage|p2b: Calyrex|38/100\n|faint|p2a: Miraidon\n|move|p2b: Calyrex|Glacial Lance|p1b: Kyogre|[spread] p1a,p1b\n|-supereffective|p1a: Landorus\n|-supereffective|p1b: Kyogre\n|-damage|p1a: Landorus|0 fnt\n|-damage|p1b: Kyogre|0 fnt\n|faint|p1a: Landorus\n|faint|p1b: Kyogre\n|\n|win|dawillys\n|raw|j0l0k0's rating: 1446 &rarr; <strong>1424</strong><br />(-22 for losing)\n|raw|dawillys's rating: 1416 &rarr; <strong>1438</strong><br />(+22 for winning)\n|l|\u2606j0l0k0\n|player|p1|\n","uploadtime":1771355350,"views":23,"formatid":"gen9vgc2026regi","rating":1424,"private":0,"password":null}