{"id":"gen9vgc2026regi-2533111067","format":"[Gen 9] VGC 2026 Reg I","players":["bullgod4ever","ShadowOugi"],"log":"|j|\u2606bullgod4ever\n|j|\u2606ShadowOugi\n|t:|1770258357\n|gametype|doubles\n|player|p1|bullgod4ever|266|1477\n|player|p2|ShadowOugi|169|1463\n|gen|9\n|tier|[Gen 9] VGC 2026 Reg I\n|rated|\n|rule|Species Clause: Limit one of each Pok\u00e9mon\n|rule|Item Clause: Limit 1 of each item\n|clearpoke\n|poke|p1|Calyrex-Shadow, L50|\n|poke|p1|Zamazenta-*, L50|\n|poke|p1|Chien-Pao, L50|\n|poke|p1|Dragonite, L50, M|\n|poke|p1|Amoonguss, L50, F|\n|poke|p1|Ogerpon-Cornerstone, L50, F|\n|poke|p2|Lunala, L50|\n|poke|p2|Calyrex-Ice, L50|\n|poke|p2|Indeedee-F, L50, F|\n|poke|p2|Ursaluna-Bloodmoon, L50, M|\n|poke|p2|Smeargle, L50, M|\n|poke|p2|Urshifu-*, L50, F|\n|teampreview|4\n|inactive|Battle timer is ON: inactive players will automatically lose when time's up. (requested by ShadowOugi)\n|\n|t:|1770258375\n|teamsize|p1|4\n|teamsize|p2|4\n|start\n|switch|p1a: Chien-Pao|Chien-Pao, L50|100/100\n|switch|p1b: Dragonite|Dragonite, L50, M|100/100\n|switch|p2a: Lunala|Lunala, L50|100/100\n|switch|p2b: Indeedee|Indeedee-F, L50, F|100/100\n|-ability|p1a: Chien-Pao|Sword of Ruin\n|-fieldstart|move: Psychic Terrain|[from] ability: Psychic Surge|[of] p2b: Indeedee\n|turn|1\n|\n|t:|1770258392\n|move|p2b: Indeedee|Follow Me|p2b: Indeedee\n|-singleturn|p2b: Indeedee|move: Follow Me\n|move|p1a: Chien-Pao|Ice Spinner|p2b: Indeedee\n|-damage|p2b: Indeedee|62/100\n|-fieldend|move: Psychic Terrain\n|-enditem|p2b: Indeedee|Eject Button\n|\n|t:|1770258398\n|switch|p2b: Calyrex|Calyrex-Ice, L50|100/100\n|-ability|p2b: Calyrex|As One\n|-ability|p2b: Calyrex|Unnerve\n|move|p2a: Lunala|Tailwind|p2a: Lunala\n|-sidestart|p2: ShadowOugi|move: Tailwind\n|move|p1b: Dragonite|Outrage|p2a: Lunala\n|-damage|p2a: Lunala|48/100\n|\n|upkeep\n|turn|2\n|\n|t:|1770258416\n|switch|p2a: Indeedee|Indeedee-F, L50, F|62/100\n|-fieldstart|move: Psychic Terrain|[from] ability: Psychic Surge|[of] p2a: Indeedee\n|move|p1a: Chien-Pao|Sucker Punch|p2b: Calyrex\n|-activate|p2b: Calyrex|move: Psychic Terrain\n|move|p2b: Calyrex|Glacial Lance|p1a: Chien-Pao|[spread] p1a,p1b\n|-resisted|p1a: Chien-Pao\n|-supereffective|p1b: Dragonite\n|-damage|p1a: Chien-Pao|70/100\n|-damage|p1b: Dragonite|0 fnt\n|faint|p1b: Dragonite\n|-ability|p2b: Calyrex|Chilling Neigh|boost\n|-boost|p2b: Calyrex|atk|1\n|\n|upkeep\n|\n|t:|1770258430\n|switch|p1b: Calyrex|Calyrex-Shadow, L50|100/100\n|-ability|p1b: Calyrex|As One\n|-ability|p1b: Calyrex|Unnerve\n|turn|3\n|l|\u2606ShadowOugi\n|inactive|ShadowOugi disconnected and has a minute to reconnect!\n|player|p2|\n|inactive|ShadowOugi has 30 seconds left.\n|inactive|ShadowOugi has 20 seconds left.\n|inactive|ShadowOugi has 15 seconds left.\n|inactive|ShadowOugi has 10 seconds left.\n|inactive|ShadowOugi has 5 seconds left.\n|-message|ShadowOugi lost due to inactivity.\n|\n|win|bullgod4ever\n|raw|bullgod4ever's rating: 1477 &rarr; <strong>1496</strong><br />(+19 for winning)\n|raw|ShadowOugi's rating: 1463 &rarr; <strong>1444</strong><br />(-19 for losing)\n|l|\u2606bullgod4ever\n|player|p1|\n|j|\u2606ShadowOugi\n|player|p2|ShadowOugi|169|\n|l|\u2606ShadowOugi\n|player|p2|\n","uploadtime":1770258708,"views":15,"formatid":"gen9vgc2026regi","rating":1444,"private":0,"password":null}