{"id":"gen9vgc2026regi-2588100937","format":"[Gen 9] VGC 2026 Reg I","players":["blackred123","bjrcjggjhvb"],"log":"|j|\u2606blackred123\n|j|\u2606bjrcjggjhvb\n|t:|1776604349\n|gametype|doubles\n|player|p1|blackred123|iono-masters|1564\n|player|p2|bjrcjggjhvb|265|1546\n|gen|9\n|tier|[Gen 9] VGC 2026 Reg I\n|rated|\n|rule|Species Clause: Limit one of each Pok\u00e9mon\n|rule|Item Clause: Limit 1 of each item\n|clearpoke\n|poke|p1|Calyrex-Shadow, L50|\n|poke|p1|Zamazenta-*, L50|\n|poke|p1|Tornadus, L50, M|\n|poke|p1|Rillaboom, L50, M|\n|poke|p1|Ogerpon-Hearthflame, L50, F|\n|poke|p1|Raging Bolt, L50|\n|poke|p2|Calyrex-Ice, L50|\n|poke|p2|Kyogre, L50|\n|poke|p2|Farigiraf, L50, M|\n|poke|p2|Slowking-Galar, L50, F|\n|poke|p2|Porygon2, L50|\n|poke|p2|Clodsire, L50, M|\n|teampreview|4\n|inactive|Battle timer is ON: inactive players will automatically lose when time's up. (requested by blackred123)\n|\n|t:|1776604361\n|teamsize|p1|4\n|teamsize|p2|4\n|start\n|switch|p1a: Zamazenta|Zamazenta-Crowned, L50|100/100\n|switch|p1b: Rillaboom|Rillaboom, L50, M|100/100\n|switch|p2a: Farigiraf|Farigiraf, L50, M|100/100\n|switch|p2b: Calyrex|Calyrex-Ice, L50|100/100\n|-ability|p2b: Calyrex|As One\n|-ability|p2b: Calyrex|Unnerve\n|-ability|p1a: Zamazenta|Dauntless Shield|boost\n|-boost|p1a: Zamazenta|def|1\n|-fieldstart|move: Grassy Terrain|[from] ability: Grassy Surge|[of] p1b: Rillaboom\n|turn|1\n|\n|t:|1776604375\n|move|p1a: Zamazenta|Body Press|p2a: Farigiraf\n|-damage|p2a: Farigiraf|27/100\n|move|p1b: Rillaboom|U-turn|p2a: Farigiraf\n|-supereffective|p2a: Farigiraf\n|-damage|p2a: Farigiraf|0 fnt\n|faint|p2a: Farigiraf\n|\n|t:|1776604380\n|switch|p1b: Ogerpon|Ogerpon-Hearthflame, L50, F|100/100|[from] U-turn\n|-ability|p1b: Ogerpon|Mold Breaker\n|move|p2b: Calyrex|Glacial Lance|p1a: Zamazenta|[spread] p1a,p1b\n|-resisted|p1a: Zamazenta\n|-damage|p1a: Zamazenta|85/100\n|-damage|p1b: Ogerpon|32/100\n|-damage|p2b: Calyrex|91/100|[from] item: Life Orb\n|\n|-heal|p1a: Zamazenta|92/100|[from] Grassy Terrain\n|-heal|p1b: Ogerpon|37/100|[from] Grassy Terrain\n|-heal|p2b: Calyrex|97/100|[from] Grassy Terrain\n|upkeep\n|\n|t:|1776604390\n|switch|p2a: Porygon2|Porygon2, L50|100/100\n|-ability|p2a: Porygon2|Download|boost\n|-boost|p2a: Porygon2|spa|1\n|turn|2\n|\n|t:|1776604410\n|move|p2b: Calyrex|Protect|p2b: Calyrex\n|-singleturn|p2b: Calyrex|Protect\n|move|p1a: Zamazenta|Body Press|p2a: Porygon2\n|-supereffective|p2a: Porygon2\n|-damage|p2a: Porygon2|8/100\n|move|p1b: Ogerpon|Ivy Cudgel|p2a: Porygon2|[anim] Ivy Cudgel Fire\n|-damage|p2a: Porygon2|0 fnt\n|faint|p2a: Porygon2\n|\n|-heal|p1a: Zamazenta|98/100|[from] Grassy Terrain\n|-heal|p1b: Ogerpon|43/100|[from] Grassy Terrain\n|-heal|p2b: Calyrex|100/100|[from] Grassy Terrain\n|upkeep\n|-message|bjrcjggjhvb forfeited.\n|\n|win|blackred123\n|raw|blackred123's rating: 1564 &rarr; <strong>1583</strong><br />(+19 for winning)\n|raw|bjrcjggjhvb's rating: 1546 &rarr; <strong>1527</strong><br />(-19 for losing)\n|l|\u2606bjrcjggjhvb\n|player|p2|\n","uploadtime":1776604679,"views":16,"formatid":"gen9vgc2026regi","rating":1527,"private":0,"password":null}