{"id":"gen9vgc2026regi-2527964003","format":"[Gen 9] VGC 2026 Reg I","players":["Tepig_nNz_498","i\u2764\u5a1c\u7984forever"],"log":"|j|\u2606Tepig_nNz_498\n|j|\u2606i\u2764\u5a1c\u7984forever\n|t:|1769606314\n|gametype|doubles\n|player|p1|Tepig_nNz_498|2|1308\n|player|p2|i\u2764\u5a1c\u7984forever|youngcouple-gen4dp|1352\n|gen|9\n|tier|[Gen 9] VGC 2026 Reg I\n|rated|\n|rule|Species Clause: Limit one of each Pok\u00e9mon\n|rule|Item Clause: Limit 1 of each item\n|clearpoke\n|poke|p1|Ludicolo, L50, M|\n|poke|p1|Kyogre, L50|\n|poke|p1|Amoonguss, L50, M|\n|poke|p1|Tornadus, L50, M|\n|poke|p1|Zacian-*, L50|\n|poke|p1|Urshifu-*, L50, F|\n|poke|p2|Groudon, L50|\n|poke|p2|Kyurem-White, L50|\n|poke|p2|Heatran, L50, M|\n|poke|p2|Whimsicott, L50, M|\n|poke|p2|Roaring Moon, L50|\n|poke|p2|Ditto, L50|\n|teampreview|4\n|\n|t:|1769606360\n|teamsize|p1|4\n|teamsize|p2|4\n|start\n|switch|p1a: Tornadus|Tornadus, L50, M|100/100\n|switch|p1b: Zacian|Zacian-Crowned, L50, shiny|100/100\n|switch|p2a: Kyurem|Kyurem-White, L50|100/100\n|switch|p2b: Roaring Moon|Roaring Moon, L50|100/100\n|-ability|p1b: Zacian|Intrepid Sword|boost\n|-boost|p1b: Zacian|atk|1\n|-ability|p2a: Kyurem|Turboblaze\n|turn|1\n|\n|t:|1769606385\n|-end|p2b: Roaring Moon|Protosynthesis|[silent]\n|switch|p2b: Groudon|Groudon, L50|100/100\n|-weather|SunnyDay|[from] ability: Drought|[of] p2b: Groudon\n|-terastallize|p2a: Kyurem|Ghost\n|move|p1a: Tornadus|Tailwind|p1a: Tornadus\n|-sidestart|p1: Tepig_nNz_498|move: Tailwind\n|move|p1b: Zacian|Play Rough|p2b: Groudon\n|-damage|p2b: Groudon|48/100\n|move|p2a: Kyurem|Fusion Flare|p1b: Zacian\n|-supereffective|p1b: Zacian\n|-damage|p1b: Zacian|0 fnt\n|faint|p1b: Zacian\n|\n|-weather|SunnyDay|[upkeep]\n|upkeep\n|\n|t:|1769606398\n|switch|p1b: Kyogre|Kyogre, L50|100/100\n|-weather|RainDance|[from] ability: Drizzle|[of] p1b: Kyogre\n|turn|2\n|\n|t:|1769606407\n|switch|p2b: Roaring Moon|Roaring Moon, L50|100/100\n|move|p1a: Tornadus|Bleakwind Storm|p2a: Kyurem|[spread] p2a,p2b\n|-damage|p2a: Kyurem|69/100\n|-damage|p2b: Roaring Moon|67/100\n|-unboost|p2a: Kyurem|spe|1\n|move|p1b: Kyogre|Water Spout|p2b: Roaring Moon|[spread] p2a,p2b\n|-resisted|p2b: Roaring Moon\n|-damage|p2a: Kyurem|0 fnt\n|-damage|p2b: Roaring Moon|10/100\n|faint|p2a: Kyurem\n|-damage|p1b: Kyogre|91/100|[from] item: Life Orb\n|\n|-weather|RainDance|[upkeep]\n|upkeep\n|\n|t:|1769606418\n|switch|p2a: Groudon|Groudon, L50|48/100\n|-weather|SunnyDay|[from] ability: Drought|[of] p2a: Groudon\n|-activate|p2b: Roaring Moon|ability: Protosynthesis\n|-start|p2b: Roaring Moon|protosynthesisatk\n|turn|3\n|\n|t:|1769606431\n|move|p1a: Tornadus|Rain Dance|p1a: Tornadus\n|-weather|RainDance\n|-end|p2b: Roaring Moon|Protosynthesis\n|move|p1b: Kyogre|Water Spout|p2b: Roaring Moon|[spread] p2a,p2b\n|-supereffective|p2a: Groudon\n|-resisted|p2b: Roaring Moon\n|-damage|p2a: Groudon|0 fnt\n|-damage|p2b: Roaring Moon|0 fnt\n|faint|p2a: Groudon\n|faint|p2b: Roaring Moon\n|-end|p2b: Roaring Moon|Protosynthesis|[silent]\n|-damage|p1b: Kyogre|81/100|[from] item: Life Orb\n|\n|-weather|RainDance|[upkeep]\n|upkeep\n|\n|t:|1769606436\n|switch|p2a: Ditto|Ditto, L50|100/100\n|-transform|p2a: Ditto|p1b: Kyogre|[from] ability: Imposter\n|turn|4\n|\n|t:|1769606443\n|move|p1a: Tornadus|Bleakwind Storm|p2a: Ditto\n|-damage|p2a: Ditto|58/100\n|move|p1b: Kyogre|Water Spout|p2a: Ditto\n|-resisted|p2a: Ditto\n|-damage|p2a: Ditto|0 fnt\n|faint|p2a: Ditto\n|-damage|p1b: Kyogre|71/100|[from] item: Life Orb\n|\n|win|Tepig_nNz_498\n|raw|Tepig_nNz_498's rating: 1308 &rarr; <strong>1331</strong><br />(+23 for winning)\n|raw|i\u2764\u5a1c\u7984forever's rating: 1352 &rarr; <strong>1329</strong><br />(-23 for losing)\n|l|\u2606i\u2764\u5a1c\u7984forever\n|player|p2|\n|l|\u2606Tepig_nNz_498\n|player|p1|\n","uploadtime":1769606621,"views":11,"formatid":"gen9vgc2026regi","rating":1329,"private":0,"password":null}