{"id":"gen9vgc2026regi-2557091278","format":"[Gen 9] VGC 2026 Reg I","players":["wasaad5","victor verg"],"log":"|j|\u2606wasaad5\n|j|\u2606victor verg\n|t:|1773278708\n|gametype|doubles\n|player|p1|wasaad5|blue|1088\n|player|p2|victor verg|169|1083\n|gen|9\n|tier|[Gen 9] VGC 2026 Reg I\n|rated|\n|rule|Species Clause: Limit one of each Pok\u00e9mon\n|rule|Item Clause: Limit 1 of each item\n|clearpoke\n|poke|p1|Kyurem-White, L50|\n|poke|p1|Zacian-*, L50|\n|poke|p1|Sableye, L50, F|\n|poke|p1|Urshifu-*, L50, F|\n|poke|p1|Amoonguss, L50, M|\n|poke|p1|Incineroar, L50, F|\n|poke|p2|Miraidon, L50|\n|poke|p2|Incineroar, L50, F|\n|poke|p2|Gliscor, L50, M|\n|poke|p2|Urshifu-*, L50, M|\n|poke|p2|Ursaluna, L50, M|\n|poke|p2|Grimmsnarl, L50, M|\n|teampreview|4\n|\n|t:|1773278743\n|teamsize|p1|4\n|teamsize|p2|4\n|start\n|switch|p1a: Kyurem|Kyurem-White, L50, shiny|100/100\n|switch|p1b: Zacian|Zacian-Crowned, L50|100/100\n|switch|p2a: Gliscor|Gliscor, L50, M|100/100\n|switch|p2b: Urshifu|Urshifu-Rapid-Strike, L50, M|100/100\n|-ability|p1b: Zacian|Intrepid Sword|boost\n|-boost|p1b: Zacian|atk|1\n|-ability|p1a: Kyurem|Turboblaze\n|turn|1\n|\n|t:|1773278762\n|switch|p1b: Amoonguss|Amoonguss, L50, M|100/100\n|move|p1a: Kyurem|Freeze-Dry|p2b: Urshifu\n|-supereffective|p2b: Urshifu\n|-damage|p2b: Urshifu|0 fnt\n|faint|p2b: Urshifu\n|move|p2a: Gliscor|Toxic|p1a: Kyurem\n|-status|p1a: Kyurem|tox\n|\n|-damage|p1a: Kyurem|94/100 tox|[from] psn\n|-status|p2a: Gliscor|tox|[from] item: Toxic Orb\n|upkeep\n|\n|t:|1773278776\n|switch|p2b: Incineroar|Incineroar, L50, F|100/100\n|-ability|p2b: Incineroar|Intimidate|boost\n|-unboost|p1a: Kyurem|atk|1\n|-unboost|p1b: Amoonguss|atk|1\n|turn|2\n|\n|t:|1773278790\n|move|p2a: Gliscor|Protect|p2a: Gliscor\n|-singleturn|p2a: Gliscor|Protect\n|move|p1b: Amoonguss|Protect|p1b: Amoonguss\n|-singleturn|p1b: Amoonguss|Protect\n|move|p1a: Kyurem|Freeze-Dry|p2a: Gliscor\n|-activate|p2a: Gliscor|move: Protect\n|move|p2b: Incineroar|Will-O-Wisp|p1b: Amoonguss\n|-activate|p1b: Amoonguss|move: Protect\n|\n|-damage|p1a: Kyurem|82/100 tox|[from] psn\n|upkeep\n|turn|3\n|\n|t:|1773278824\n|switch|p1b: Urshifu|Urshifu-Rapid-Strike, L50, F|100/100\n|move|p1a: Kyurem|Ice Beam|p2a: Gliscor\n|-supereffective|p2a: Gliscor\n|-damage|p2a: Gliscor|0 fnt\n|faint|p2a: Gliscor\n|move|p2b: Incineroar|Will-O-Wisp|p1b: Urshifu|[miss]\n|-miss|p2b: Incineroar|p1b: Urshifu\n|\n|-damage|p1a: Kyurem|64/100 tox|[from] psn\n|upkeep\n|\n|t:|1773278836\n|switch|p2a: Ursaluna|Ursaluna, L50, M|100/100\n|turn|4\n|\n|t:|1773278855\n|-terastallize|p1b: Urshifu|Water\n|move|p1b: Urshifu|Surging Strikes|p2b: Incineroar\n|-supereffective|p2b: Incineroar\n|-crit|p2b: Incineroar\n|-damage|p2b: Incineroar|51/100\n|-damage|p1b: Urshifu|84/100|[from] item: Rocky Helmet|[of] p2b: Incineroar\n|-supereffective|p2b: Incineroar\n|-crit|p2b: Incineroar\n|-damage|p2b: Incineroar|0 fnt\n|-damage|p1b: Urshifu|68/100|[from] item: Rocky Helmet|[of] p2b: Incineroar\n|faint|p2b: Incineroar\n|-hitcount|p2: Incineroar|2\n|move|p1a: Kyurem|Ice Beam|p2a: Ursaluna\n|-supereffective|p2a: Ursaluna\n|-damage|p2a: Ursaluna|0 fnt\n|faint|p2a: Ursaluna\n|\n|win|wasaad5\n|raw|wasaad5's rating: 1088 &rarr; <strong>1114</strong><br />(+26 for winning)\n|raw|victor verg's rating: 1083 &rarr; <strong>1061</strong><br />(-22 for losing)\n|l|\u2606wasaad5\n|player|p1|\n|l|\u2606victor verg\n|player|p2|\n","uploadtime":1773279255,"views":11,"formatid":"gen9vgc2026regi","rating":1061,"private":0,"password":null}