{"id":"gen9vgc2026regi-2567648901","format":"[Gen 9] VGC 2026 Reg I","players":["clefci","shangenb1"],"log":"|j|\u2606clefci\n|j|\u2606shangenb1\n|t:|1774498156\n|gametype|doubles\n|player|p1|clefci|102|1388\n|player|p2|shangenb1|2|1525\n|gen|9\n|tier|[Gen 9] VGC 2026 Reg I\n|rated|\n|rule|Species Clause: Limit one of each Pok\u00e9mon\n|rule|Item Clause: Limit 1 of each item\n|clearpoke\n|poke|p1|Groudon, L50|\n|poke|p1|Lunala, L50|\n|poke|p1|Smeargle, L50, F|\n|poke|p1|Tornadus, L50, M|\n|poke|p1|Flutter Mane, L50|\n|poke|p1|Gouging Fire, L50|\n|poke|p2|Koraidon, L50|\n|poke|p2|Lunala, L50|\n|poke|p2|Flutter Mane, L50|\n|poke|p2|Chi-Yu, L50|\n|poke|p2|Raging Bolt, L50|\n|poke|p2|Indeedee-F, L50, F|\n|teampreview|4\n|inactive|Battle timer is ON: inactive players will automatically lose when time's up. (requested by shangenb1)\n|inactive|clefci has 60 seconds left.\n|inactive|clefci has 30 seconds left.\n|inactive|clefci has 20 seconds left.\n|inactive|clefci has 15 seconds left.\n|j| eggs egs\n|\n|t:|1774498236\n|teamsize|p1|4\n|teamsize|p2|4\n|start\n|switch|p1a: Groudon|Groudon, L50|100/100\n|switch|p1b: Gouging Fire|Gouging Fire, L50|100/100\n|switch|p2a: Flutter Mane|Flutter Mane, L50|100/100\n|switch|p2b: Lunala|Lunala, L50|100/100\n|-weather|SunnyDay|[from] ability: Drought|[of] p1a: Groudon\n|-activate|p2a: Flutter Mane|ability: Protosynthesis\n|-start|p2a: Flutter Mane|protosynthesisspe\n|-activate|p1b: Gouging Fire|ability: Protosynthesis\n|-start|p1b: Gouging Fire|protosynthesisspe\n|turn|1\n|\n|t:|1774498253\n|move|p2a: Flutter Mane|Icy Wind|p1b: Gouging Fire|[spread] p1a,p1b\n|-supereffective|p1a: Groudon\n|-damage|p1a: Groudon|75/100\n|-damage|p1b: Gouging Fire|87/100\n|-unboost|p1b: Gouging Fire|spe|1\n|move|p1b: Gouging Fire|Snarl|p2a: Flutter Mane|[spread] p2a,p2b\n|-supereffective|p2b: Lunala\n|-damage|p2a: Flutter Mane|94/100\n|-damage|p2b: Lunala|90/100\n|-unboost|p2a: Flutter Mane|spa|1\n|-unboost|p2b: Lunala|spa|1\n|move|p2b: Lunala|Meteor Beam||[still]\n|-prepare|p2b: Lunala|Meteor Beam\n|-boost|p2b: Lunala|spa|1\n|-enditem|p2b: Lunala|Power Herb\n|-anim|p2b: Lunala|Meteor Beam|p1b: Gouging Fire\n|-supereffective|p1b: Gouging Fire\n|-damage|p1b: Gouging Fire|0 fnt\n|faint|p1b: Gouging Fire\n|-end|p1b: Gouging Fire|Protosynthesis|[silent]\n|move|p1a: Groudon|Heat Crash|p2a: Flutter Mane\n|-damage|p2a: Flutter Mane|0 fnt\n|faint|p2a: Flutter Mane\n|-end|p2a: Flutter Mane|Protosynthesis|[silent]\n|\n|-weather|SunnyDay|[upkeep]\n|upkeep\n|\n|t:|1774498275\n|switch|p2a: Koraidon|Koraidon, L50|100/100\n|switch|p1b: Lunala|Lunala, L50|100/100\n|-activate|p2a: Koraidon|ability: Orichalcum Pulse\n|turn|2\n|inactive|clefci has 30 seconds left.\n|inactive|shangenb1 has 30 seconds left.\n|\n|t:|1774498305\n|switch|p2a: Indeedee|Indeedee-F, L50, F|100/100\n|-fieldstart|move: Psychic Terrain|[from] ability: Psychic Surge|[of] p2a: Indeedee\n|-terastallize|p2b: Lunala|Water\n|-terastallize|p1b: Lunala|Fairy\n|move|p2b: Lunala|Expanding Force|p1b: Lunala|[spread] p1a,p1b\n|-damage|p1a: Groudon|23/100\n|-damage|p1b: Lunala|77/100\n|move|p1a: Groudon|Precipice Blades|p2b: Lunala|[spread] \n|-miss|p1a: Groudon|p2a: Indeedee\n|-miss|p1a: Groudon|p2b: Lunala\n|move|p1b: Lunala|Moongeist Beam|p2a: Indeedee\n|-immune|p2a: Indeedee\n|\n|-weather|SunnyDay|[upkeep]\n|upkeep\n|turn|3\n|inactive|shangenb1 has 30 seconds left.\n|inactive|shangenb1 has 20 seconds left.\n|\n|t:|1774498343\n|switch|p1b: Tornadus|Tornadus, L50, M|100/100\n|move|p2b: Lunala|Moongeist Beam|p1b: Tornadus\n|-damage|p1b: Tornadus|34/100\n|move|p1a: Groudon|Precipice Blades|p2b: Lunala|[spread] p2a,p2b\n|-crit|p2a: Indeedee\n|-damage|p2a: Indeedee|33/100\n|-damage|p2b: Lunala|47/100\n|move|p2a: Indeedee|Psychic|p1a: Groudon\n|-damage|p1a: Groudon|0 fnt\n|faint|p1a: Groudon\n|\n|-weather|SunnyDay|[upkeep]\n|upkeep\n|\n|t:|1774498355\n|switch|p1a: Lunala|Lunala, L50, tera:Fairy|77/100\n|turn|4\n|\n|t:|1774498378\n|move|p2a: Indeedee|Helping Hand|p2b: Lunala\n|-singleturn|p2b: Lunala|Helping Hand|[of] p2a: Indeedee\n|move|p2b: Lunala|Expanding Force|p1b: Tornadus|[spread] p1a,p1b\n|-damage|p1a: Lunala|0 fnt\n|-damage|p1b: Tornadus|0 fnt\n|faint|p1a: Lunala\n|faint|p1b: Tornadus\n|\n|win|shangenb1\n|raw|clefci's rating: 1388 &rarr; <strong>1376</strong><br />(-12 for losing)\n|raw|shangenb1's rating: 1525 &rarr; <strong>1537</strong><br />(+12 for winning)\n|l|\u2606clefci\n|player|p1|\n|l|\u2606shangenb1\n|player|p2|\n","uploadtime":1774498387,"views":11,"formatid":"gen9vgc2026regi","rating":1376,"private":0,"password":null}