{"id":"gen9vgc2026regi-2553742962","format":"[Gen 9] VGC 2026 Reg I","players":["Reldr","I\u2764\ufe0f\u5a1c\u7984forever"],"log":"|j|\u2606Reldr\n|j|\u2606I\u2764\ufe0f\u5a1c\u7984forever\n|t:|1772871687\n|gametype|doubles\n|player|p1|Reldr|wallace|1350\n|player|p2|I\u2764\ufe0f\u5a1c\u7984forever|youngcouple-gen4dp|1339\n|gen|9\n|tier|[Gen 9] VGC 2026 Reg I\n|rated|\n|rule|Species Clause: Limit one of each Pok\u00e9mon\n|rule|Item Clause: Limit 1 of each item\n|clearpoke\n|poke|p1|Calyrex-Shadow, L50|\n|poke|p1|Koraidon, L50|\n|poke|p1|Flutter Mane, L50|\n|poke|p1|Incineroar, L50, M|\n|poke|p1|Whimsicott, L50, M|\n|poke|p1|Chi-Yu, L50|\n|poke|p2|Groudon, L50|\n|poke|p2|Kyurem-White, L50|\n|poke|p2|Heatran, L50, M|\n|poke|p2|Whimsicott, L50, M|\n|poke|p2|Roaring Moon, L50|\n|poke|p2|Ditto, L50|\n|teampreview|4\n|inactive|Battle timer is ON: inactive players will automatically lose when time's up. (requested by Reldr)\n|\n|t:|1772871710\n|teamsize|p1|4\n|teamsize|p2|4\n|start\n|switch|p1a: Whimsicott|Whimsicott, L50, M|100/100\n|switch|p1b: Calyrex|Calyrex-Shadow, L50|100/100\n|switch|p2a: Whimsicott|Whimsicott, L50, M|100/100\n|switch|p2b: Kyurem|Kyurem-White, L50|100/100\n|-ability|p1b: Calyrex|As One\n|-ability|p1b: Calyrex|Unnerve\n|-ability|p2b: Kyurem|Turboblaze\n|turn|1\n|\n|t:|1772871718\n|-terastallize|p1b: Calyrex|Ghost\n|move|p1a: Whimsicott|Taunt|p2a: Whimsicott\n|-start|p2a: Whimsicott|move: Taunt\n|move|p1b: Calyrex|Astral Barrage|p2a: Whimsicott|[spread] p2a,p2b\n|-enditem|p2a: Whimsicott|Focus Sash\n|-damage|p2a: Whimsicott|1/100\n|-damage|p2b: Kyurem|43/100\n|move|p2b: Kyurem|Blizzard|p1a: Whimsicott|[spread] p1a,p1b\n|-supereffective|p1a: Whimsicott\n|-damage|p1a: Whimsicott|0 fnt\n|-damage|p1b: Calyrex|42/100\n|faint|p1a: Whimsicott\n|cant|p2a: Whimsicott|move: Taunt|Trick Room\n|\n|upkeep\n|\n|t:|1772871733\n|switch|p1a: Koraidon|Koraidon, L50|100/100\n|-weather|SunnyDay|[from] ability: Orichalcum Pulse|[of] p1a: Koraidon\n|-activate|p1a: Koraidon|Orichalcum Pulse|[source]\n|turn|2\n|\n|t:|1772871746\n|move|p1a: Koraidon|Protect|p1a: Koraidon\n|-singleturn|p1a: Koraidon|Protect\n|move|p1b: Calyrex|Astral Barrage|p2b: Kyurem|[spread] p2a,p2b\n|-damage|p2a: Whimsicott|0 fnt\n|-damage|p2b: Kyurem|0 fnt\n|faint|p2a: Whimsicott\n|faint|p2b: Kyurem\n|-ability|p1b: Calyrex|Grim Neigh|boost\n|-boost|p1b: Calyrex|spa|2\n|\n|-weather|SunnyDay|[upkeep]\n|upkeep\n|\n|t:|1772871752\n|switch|p2a: Ditto|Ditto, L50|100/100\n|switch|p2b: Groudon|Groudon, L50|100/100\n|-transform|p2a: Ditto|p1b: Calyrex|[from] ability: Imposter\n|-ability|p2a: Ditto|As One\n|-ability|p2a: Ditto|Unnerve\n|-start|p2a: Ditto|typechange|Psychic/Ghost|[silent]\n|turn|3\n|\n|t:|1772871766\n|-terastallize|p2a: Ditto|Dark\n|move|p1b: Calyrex|Protect|p1b: Calyrex\n|-singleturn|p1b: Calyrex|Protect\n|move|p2a: Ditto|Astral Barrage|p1a: Koraidon|[spread] p1a\n|-activate|p1b: Calyrex|move: Protect\n|-damage|p1a: Koraidon|0 fnt\n|faint|p1a: Koraidon\n|-ability|p2a: Ditto|Grim Neigh|boost\n|-boost|p2a: Ditto|spa|1\n|move|p2b: Groudon|Precipice Blades|p1b: Calyrex\n|-activate|p1b: Calyrex|move: Protect\n|\n|-weather|SunnyDay|[upkeep]\n|upkeep\n|\n|t:|1772871778\n|switch|p1a: Chi-Yu|Chi-Yu, L50|100/100\n|-ability|p1a: Chi-Yu|Beads of Ruin\n|turn|4\n|\n|t:|1772871790\n|move|p1a: Chi-Yu|Overheat|p2a: Ditto\n|-damage|p2a: Ditto|0 fnt\n|-unboost|p1a: Chi-Yu|spa|2\n|faint|p2a: Ditto\n|move|p1b: Calyrex|Astral Barrage|p2b: Groudon\n|-damage|p2b: Groudon|0 fnt\n|faint|p2b: Groudon\n|\n|win|Reldr\n|raw|Reldr's rating: 1350 &rarr; <strong>1369</strong><br />(+19 for winning)\n|raw|I\u2764\ufe0f\u5a1c\u7984forever's rating: 1339 &rarr; <strong>1320</strong><br />(-19 for losing)\n|l|\u2606Reldr\n|player|p1|\n|l|\u2606I\u2764\ufe0f\u5a1c\u7984forever\n|player|p2|\n","uploadtime":1772872037,"views":12,"formatid":"gen9vgc2026regi","rating":1320,"private":0,"password":null}