{"id":"gen9vgc2026regi-2546656526","format":"[Gen 9] VGC 2026 Reg I","players":["EllenJoe2026","MBSSQBBDS"],"log":"|j|\u2606EllenJoe2026\n|j|\u2606MBSSQBBDS\n|t:|1771989865\n|gametype|doubles\n|player|p1|EllenJoe2026|iono|1510\n|player|p2|MBSSQBBDS|bianca|1491\n|gen|9\n|tier|[Gen 9] VGC 2026 Reg I\n|rated|\n|rule|Species Clause: Limit one of each Pok\u00e9mon\n|rule|Item Clause: Limit 1 of each item\n|clearpoke\n|poke|p1|Calyrex-Shadow, L50|\n|poke|p1|Zamazenta-*, L50|\n|poke|p1|Incineroar, L50, F|\n|poke|p1|Rillaboom, L50, F|\n|poke|p1|Ogerpon-Cornerstone, L50, F|\n|poke|p1|Whimsicott, L50, F|\n|poke|p2|Calyrex-Shadow, L50|\n|poke|p2|Kingambit, L50, F|\n|poke|p2|Koraidon, L50|\n|poke|p2|Flutter Mane, L50|\n|poke|p2|Brute Bonnet, L50|\n|poke|p2|Chien-Pao, L50|\n|teampreview|4\n|inactive|Battle timer is ON: inactive players will automatically lose when time's up. (requested by EllenJoe2026)\n|inactive|MBSSQBBDS has 60 seconds left.\n|\n|t:|1771989900\n|teamsize|p1|4\n|teamsize|p2|4\n|start\n|switch|p1a: Calyrex|Calyrex-Shadow, L50|100/100\n|switch|p1b: Ogerpon|Ogerpon-Cornerstone, L50, F|100/100\n|switch|p2a: Calyrex|Calyrex-Shadow, L50|100/100\n|switch|p2b: Brute Bonnet|Brute Bonnet, L50|100/100\n|-ability|p2a: Calyrex|As One\n|-ability|p2a: Calyrex|Unnerve\n|-ability|p1a: Calyrex|As One\n|-ability|p1a: Calyrex|Unnerve\n|turn|1\n|\n|t:|1771989915\n|-terastallize|p1a: Calyrex|Dark\n|-terastallize|p2a: Calyrex|Fighting\n|move|p1b: Ogerpon|Follow Me|p1b: Ogerpon\n|-singleturn|p1b: Ogerpon|move: Follow Me\n|move|p2a: Calyrex|Astral Barrage|p1b: Ogerpon|[spread] p1a,p1b\n|-resisted|p1a: Calyrex\n|-crit|p1b: Ogerpon\n|-damage|p1a: Calyrex|61/100\n|-ability|p1b: Ogerpon|Sturdy\n|-damage|p1b: Ogerpon|1/100\n|-damage|p2a: Calyrex|91/100|[from] item: Life Orb\n|move|p1a: Calyrex|Nasty Plot|p1a: Calyrex\n|-boost|p1a: Calyrex|spa|2\n|move|p2b: Brute Bonnet|Taunt|p1b: Ogerpon\n|-start|p1b: Ogerpon|move: Taunt\n|\n|upkeep\n|turn|2\n|inactive|EllenJoe2026 has 30 seconds left.\n|inactive|MBSSQBBDS has 30 seconds left.\n|inactive|EllenJoe2026 has 20 seconds left.\n|\n|t:|1771989955\n|move|p1a: Calyrex|Protect|p1a: Calyrex\n|-singleturn|p1a: Calyrex|Protect\n|move|p2a: Calyrex|Tera Blast|p1a: Calyrex|[anim] Tera Blast Fighting\n|-activate|p1a: Calyrex|move: Protect\n|move|p1b: Ogerpon|Ivy Cudgel|p2b: Brute Bonnet|[anim] Ivy Cudgel Rock\n|-damage|p2b: Brute Bonnet|54/100\n|move|p2b: Brute Bonnet|Spore|p1b: Ogerpon\n|-immune|p1b: Ogerpon\n|\n|upkeep\n|turn|3\n|\n|t:|1771989974\n|move|p2b: Brute Bonnet|Sucker Punch|p1b: Ogerpon\n|-damage|p1b: Ogerpon|0 fnt\n|faint|p1b: Ogerpon\n|move|p2a: Calyrex|Tera Blast|p1a: Calyrex|[anim] Tera Blast Fighting\n|-supereffective|p1a: Calyrex\n|-damage|p1a: Calyrex|0 fnt\n|faint|p1a: Calyrex\n|-ability|p2a: Calyrex|Grim Neigh|boost\n|-boost|p2a: Calyrex|spa|1\n|-damage|p2a: Calyrex|81/100|[from] item: Life Orb\n|\n|upkeep\n|\n|t:|1771989978\n|switch|p1a: Zamazenta|Zamazenta-Crowned, L50, shiny|100/100\n|switch|p1b: Whimsicott|Whimsicott, L50, F, shiny|100/100\n|-ability|p1a: Zamazenta|Dauntless Shield|boost\n|-boost|p1a: Zamazenta|def|1\n|turn|4\n|\n|t:|1771989990\n|move|p1b: Whimsicott|Tailwind|p1b: Whimsicott\n|-sidestart|p1: EllenJoe2026|move: Tailwind\n|move|p1a: Zamazenta|Body Press|p2b: Brute Bonnet\n|-supereffective|p2b: Brute Bonnet\n|-damage|p2b: Brute Bonnet|0 fnt\n|-damage|p1a: Zamazenta|84/100|[from] item: Rocky Helmet|[of] p2b: Brute Bonnet\n|faint|p2b: Brute Bonnet\n|-end|p2b: Brute Bonnet|Protosynthesis|[silent]\n|move|p2a: Calyrex|Astral Barrage|p1b: Whimsicott|[spread] p1a,p1b\n|-damage|p1a: Zamazenta|15/100\n|-enditem|p1b: Whimsicott|Focus Sash\n|-damage|p1b: Whimsicott|1/100\n|-damage|p2a: Calyrex|72/100|[from] item: Life Orb\n|\n|upkeep\n|-message|EllenJoe2026 forfeited.\n|\n|win|MBSSQBBDS\n|raw|EllenJoe2026's rating: 1510 &rarr; <strong>1489</strong><br />(-21 for losing)\n|raw|MBSSQBBDS's rating: 1491 &rarr; <strong>1512</strong><br />(+21 for winning)\n|l|\u2606EllenJoe2026\n|player|p1|\n|l|\u2606MBSSQBBDS\n|player|p2|\n","uploadtime":1771990140,"views":17,"formatid":"gen9vgc2026regi","rating":1489,"private":0,"password":null}