{"id":"gen9vgc2026regi-2563263372","format":"[Gen 9] VGC 2026 Reg I","players":["isthis6thgood","ScribbleScribble"],"log":"|j|\u2606isthis6thgood\n|j|\u2606ScribbleScribble\n|t:|1774010299\n|gametype|doubles\n|player|p1|isthis6thgood|2|1507\n|player|p2|ScribbleScribble|mina-lgpe|1601\n|gen|9\n|tier|[Gen 9] VGC 2026 Reg I\n|rated|\n|rule|Species Clause: Limit one of each Pok\u00e9mon\n|rule|Item Clause: Limit 1 of each item\n|clearpoke\n|poke|p1|Landorus-Therian, L50, M|\n|poke|p1|Urshifu-*, L50, F|\n|poke|p1|Ogerpon-Hearthflame, L50, F|\n|poke|p1|Miraidon, L50|\n|poke|p1|Lunala, L50|\n|poke|p1|Tornadus, L50, M|\n|poke|p2|Calyrex-Ice, L50|\n|poke|p2|Kyogre, L50|\n|poke|p2|Tornadus, L50, M|\n|poke|p2|Indeedee-F, L50, F|\n|poke|p2|Urshifu-*, L50, M|\n|poke|p2|Landorus, L50, M|\n|teampreview|4\n|inactive|Battle timer is ON: inactive players will automatically lose when time's up. (requested by ScribbleScribble)\n|inactive|isthis6thgood has 60 seconds left.\n|\n|t:|1774010331\n|teamsize|p1|4\n|teamsize|p2|4\n|start\n|switch|p1a: Miraidon|Miraidon, L50|100/100\n|switch|p1b: Landorus|Landorus-Therian, L50, M|100/100\n|switch|p2a: Tornadus|Tornadus, L50, M|100/100\n|switch|p2b: Landorus|Landorus, L50, M|100/100\n|-fieldstart|move: Electric Terrain|[from] ability: Hadron Engine|[of] p1a: Miraidon\n|-ability|p1b: Landorus|Intimidate|boost\n|-unboost|p2a: Tornadus|atk|1\n|-unboost|p2b: Landorus|atk|1\n|turn|1\n|\n|t:|1774010355\n|-terastallize|p1a: Miraidon|Fairy\n|move|p2a: Tornadus|Tailwind|p2a: Tornadus\n|-sidestart|p2: ScribbleScribble|move: Tailwind\n|move|p2b: Landorus|Earth Power|p1a: Miraidon\n|-damage|p1a: Miraidon|37/100\n|move|p1a: Miraidon|Discharge|p2b: Landorus|[spread] p2a\n|-immune|p1b: Landorus\n|-immune|p2b: Landorus\n|-supereffective|p2a: Tornadus\n|-enditem|p2a: Tornadus|Focus Sash\n|-damage|p2a: Tornadus|1/100\n|move|p1b: Landorus|Rock Slide|p2b: Landorus|[spread] p2a,p2b\n|-supereffective|p2a: Tornadus\n|-damage|p2a: Tornadus|0 fnt\n|-damage|p2b: Landorus|69/100\n|faint|p2a: Tornadus\n|\n|upkeep\n|\n|t:|1774010367\n|switch|p2a: Kyogre|Kyogre, L50|100/100\n|-weather|RainDance|[from] ability: Drizzle|[of] p2a: Kyogre\n|turn|2\n|inactive|isthis6thgood has 30 seconds left.\n|c|\u2606isthis6thgood|Oh wow\n|inactive|isthis6thgood has 20 seconds left.\n|c|\u2606isthis6thgood|O really had to bring tw Huh\n|inactive|isthis6thgood has 15 seconds left.\n|\n|t:|1774010411\n|move|p1a: Miraidon|Protect|p1a: Miraidon\n|-singleturn|p1a: Miraidon|Protect\n|move|p2a: Kyogre|Water Spout|p1a: Miraidon|[spread] p1b\n|-activate|p1a: Miraidon|move: Protect\n|-supereffective|p1b: Landorus\n|-damage|p1b: Landorus|0 fnt\n|faint|p1b: Landorus\n|move|p2b: Landorus|Sludge Bomb|p1a: Miraidon\n|-activate|p1a: Miraidon|move: Protect\n|\n|-weather|RainDance|[upkeep]\n|upkeep\n|-message|isthis6thgood forfeited.\n|\n|win|ScribbleScribble\n|raw|isthis6thgood's rating: 1507 &rarr; <strong>1490</strong><br />(-17 for losing)\n|raw|ScribbleScribble's rating: 1568 &rarr; <strong>1585</strong><br />(+17 for winning)\n|l|\u2606ScribbleScribble\n|player|p2|\n|l|\u2606isthis6thgood\n|player|p1|\n","uploadtime":1774010610,"views":20,"formatid":"gen9vgc2026regi","rating":1490,"private":0,"password":null}