{"id":"gen9vgc2026regi-2516020956","format":"[Gen 9] VGC 2026 Reg I","players":["kojimuranishi","joyboy_pgear5th"],"log":"|j|\u2606kojimuranishi\n|j|\u2606joyboy_pgear5th\n|t:|1768072086\n|gametype|doubles\n|player|p1|kojimuranishi|266|1351\n|player|p2|joyboy_pgear5th|265|1285\n|gen|9\n|tier|[Gen 9] VGC 2026 Reg I\n|rated|\n|rule|Species Clause: Limit one of each Pok\u00e9mon\n|rule|Item Clause: Limit 1 of each item\n|clearpoke\n|poke|p1|Raging Bolt, L50|\n|poke|p1|Calyrex-Ice, L50|\n|poke|p1|Kyogre, L50|\n|poke|p1|Indeedee-F, L50, F|\n|poke|p1|Landorus, L50, M|\n|poke|p1|Urshifu-*, L50, F|\n|poke|p2|Sneasler, L50, M|\n|poke|p2|Miraidon, L50|\n|poke|p2|Calyrex-Ice, L50|\n|poke|p2|Farigiraf, L50, M|\n|poke|p2|Ursaluna-Bloodmoon, L50, M|\n|poke|p2|Grimmsnarl, L50, M|\n|teampreview|4\n|inactive|Battle timer is ON: inactive players will automatically lose when time's up. (requested by joyboy_pgear5th)\n|\n|t:|1768072106\n|teamsize|p1|4\n|teamsize|p2|4\n|start\n|switch|p1a: Indeedee|Indeedee-F, L50, F|100/100\n|switch|p1b: Calyrex|Calyrex-Ice, L50|100/100\n|switch|p2a: Miraidon|Miraidon, L50|100/100\n|switch|p2b: Sneasler|Sneasler, L50, M|100/100\n|-ability|p1b: Calyrex|As One\n|-ability|p1b: Calyrex|Unnerve\n|-fieldstart|move: Electric Terrain|[from] ability: Hadron Engine|[of] p2a: Miraidon\n|-enditem|p2b: Sneasler|Electric Seed\n|-boost|p2b: Sneasler|def|1|[from] item: Electric Seed\n|-fieldstart|move: Psychic Terrain|[from] ability: Psychic Surge|[of] p1a: Indeedee\n|turn|1\n|inactive|joyboy_pgear5th has 30 seconds left.\n|inactive|kojimuranishi has 30 seconds left.\n|inactive|joyboy_pgear5th has 20 seconds left.\n|inactive|kojimuranishi has 20 seconds left.\n|inactive|joyboy_pgear5th has 15 seconds left.\n|inactive|joyboy_pgear5th has 10 seconds left.\n|inactive|kojimuranishi has 15 seconds left.\n|inactive|joyboy_pgear5th has 5 seconds left.\n|\n|t:|1768072158\n|-terastallize|p1b: Calyrex|Fairy\n|move|p2b: Sneasler|Dire Claw|p1a: Indeedee\n|-damage|p1a: Indeedee|58/100\n|-damage|p2b: Sneasler|84/100|[from] item: Rocky Helmet|[of] p1a: Indeedee\n|move|p2a: Miraidon|Electro Drift|p1b: Calyrex\n|-damage|p1b: Calyrex|54/100\n|move|p1b: Calyrex|Glacial Lance|p2b: Sneasler|[spread] p2a,p2b\n|-supereffective|p2a: Miraidon\n|-damage|p2a: Miraidon|0 fnt\n|-damage|p2b: Sneasler|26/100\n|faint|p2a: Miraidon\n|-ability|p1b: Calyrex|Chilling Neigh|boost\n|-boost|p1b: Calyrex|atk|1\n|move|p1a: Indeedee|Trick Room|p1a: Indeedee\n|-fieldstart|move: Trick Room|[of] p1a: Indeedee\n|\n|-heal|p1b: Calyrex|60/100|[from] item: Leftovers\n|upkeep\n|\n|t:|1768072169\n|switch|p2a: Calyrex|Calyrex-Ice, L50|100/100\n|-ability|p2a: Calyrex|As One\n|-ability|p2a: Calyrex|Unnerve\n|turn|2\n|\n|t:|1768072191\n|-terastallize|p2a: Calyrex|Fire\n|move|p2b: Sneasler|Protect|p2b: Sneasler\n|-singleturn|p2b: Sneasler|Protect\n|move|p1b: Calyrex|Glacial Lance|p2b: Sneasler|[spread] p2a\n|-activate|p2b: Sneasler|move: Protect\n|-resisted|p2a: Calyrex\n|-damage|p2a: Calyrex|78/100\n|move|p2a: Calyrex|Glacial Lance|p1a: Indeedee|[spread] p1a,p1b\n|-damage|p1a: Indeedee|0 fnt\n|-damage|p1b: Calyrex|24/100\n|faint|p1a: Indeedee\n|-ability|p2a: Calyrex|Chilling Neigh|boost\n|-boost|p2a: Calyrex|atk|1\n|\n|-heal|p1b: Calyrex|29/100|[from] item: Leftovers\n|upkeep\n|j| riyuezi\n|\n|t:|1768072208\n|switch|p1a: Urshifu|Urshifu-Rapid-Strike, L50, F|100/100\n|turn|3\n|j| sid kagenow\n|\n|t:|1768072216\n|move|p1b: Calyrex|Protect|p1b: Calyrex\n|-singleturn|p1b: Calyrex|Protect\n|move|p2a: Calyrex|Glacial Lance|p1a: Urshifu|[spread] p1a\n|-activate|p1b: Calyrex|move: Protect\n|-resisted|p1a: Urshifu\n|-damage|p1a: Urshifu|55/100\n|move|p1a: Urshifu|Surging Strikes|p2a: Calyrex\n|-supereffective|p2a: Calyrex\n|-crit|p2a: Calyrex\n|-damage|p2a: Calyrex|48/100\n|-supereffective|p2a: Calyrex\n|-crit|p2a: Calyrex\n|-damage|p2a: Calyrex|20/100\n|-supereffective|p2a: Calyrex\n|-crit|p2a: Calyrex\n|-damage|p2a: Calyrex|0 fnt\n|faint|p2a: Calyrex\n|-hitcount|p2: Calyrex|3\n|move|p2b: Sneasler|Dire Claw|p1a: Urshifu\n|-damage|p1a: Urshifu|7/100\n|\n|-heal|p1b: Calyrex|35/100|[from] item: Leftovers\n|upkeep\n|\n|t:|1768072225\n|switch|p2a: Grimmsnarl|Grimmsnarl, L50, M|100/100\n|turn|4\n|-message|joyboy_pgear5th forfeited.\n|\n|win|kojimuranishi\n|raw|kojimuranishi's rating: 1351 &rarr; <strong>1367</strong><br />(+16 for winning)\n|raw|joyboy_pgear5th's rating: 1285 &rarr; <strong>1265</strong><br />(-20 for losing)\n|l|\u2606joyboy_pgear5th\n|player|p2|\n|l|\u2606kojimuranishi\n|player|p1|\n|l| sid kagenow\n|l| riyuezi\n","uploadtime":1768072498,"views":13,"formatid":"gen9vgc2026regi","rating":1265,"private":0,"password":null}