{"id":"gen9vgc2026regi-2537518681","format":"[Gen 9] VGC 2026 Reg I","players":["j0l0k0","babzhujia\u7c89\u4e1d"],"log":"|j|\u2606j0l0k0\n|j|\u2606babzhujia\u7c89\u4e1d\n|t:|1770823578\n|gametype|doubles\n|player|p1|j0l0k0|brycen|1431\n|player|p2|babzhujia\u7c89\u4e1d|elesa|1457\n|gen|9\n|tier|[Gen 9] VGC 2026 Reg I\n|rated|\n|rule|Species Clause: Limit one of each Pok\u00e9mon\n|rule|Item Clause: Limit 1 of each item\n|clearpoke\n|poke|p1|Calyrex-Ice, L50|\n|poke|p1|Kyogre, L50|\n|poke|p1|Indeedee-F, L50, F|\n|poke|p1|Urshifu-*, L50, F|\n|poke|p1|Amoonguss, L50, F|\n|poke|p1|Landorus, L50, M|\n|poke|p2|Calyrex-Shadow, L50|\n|poke|p2|Zamazenta-*, L50|\n|poke|p2|Chien-Pao, L50|\n|poke|p2|Rillaboom, L50, F|\n|poke|p2|Tornadus, L50, M|\n|poke|p2|Clefairy, L50, F|\n|teampreview|4\n|inactive|Battle timer is ON: inactive players will automatically lose when time's up. (requested by j0l0k0)\n|\n|t:|1770823599\n|teamsize|p1|4\n|teamsize|p2|4\n|start\n|switch|p1a: Indeedee|Indeedee-F, L50, F, shiny|100/100\n|switch|p1b: Calyrex|Calyrex-Ice, L50|100/100\n|switch|p2a: Zamazenta|Zamazenta-Crowned, L50, shiny|100/100\n|switch|p2b: Chien-Pao|Chien-Pao, L50, shiny|100/100\n|-ability|p1b: Calyrex|As One\n|-ability|p1b: Calyrex|Unnerve\n|-ability|p2b: Chien-Pao|Sword of Ruin\n|-ability|p2a: Zamazenta|Dauntless Shield|boost\n|-boost|p2a: Zamazenta|def|1\n|-fieldstart|move: Psychic Terrain|[from] ability: Psychic Surge|[of] p1a: Indeedee\n|turn|1\n|\n|t:|1770823618\n|move|p1a: Indeedee|Follow Me|p1a: Indeedee\n|-singleturn|p1a: Indeedee|move: Follow Me\n|move|p2b: Chien-Pao|Ruination|p1a: Indeedee\n|-damage|p1a: Indeedee|51/100\n|move|p2a: Zamazenta|Body Press|p1a: Indeedee\n|-crit|p1a: Indeedee\n|-damage|p1a: Indeedee|0 fnt\n|faint|p1a: Indeedee\n|move|p1b: Calyrex|Trick Room|p1b: Calyrex\n|-fieldstart|move: Trick Room|[of] p1b: Calyrex\n|\n|upkeep\n|\n|t:|1770823624\n|switch|p1a: Landorus|Landorus, L50, M, shiny|100/100\n|turn|2\n|\n|t:|1770823640\n|switch|p2a: Rillaboom|Rillaboom, L50, F, shiny|100/100\n|-fieldstart|move: Grassy Terrain|[from] ability: Grassy Surge|[of] p2a: Rillaboom\n|move|p2b: Chien-Pao|Ice Shard|p1a: Landorus\n|-supereffective|p1a: Landorus\n|-damage|p1a: Landorus|15/100\n|move|p1b: Calyrex|Close Combat|p2b: Chien-Pao\n|-supereffective|p2b: Chien-Pao\n|-damage|p2b: Chien-Pao|0 fnt\n|-unboost|p1b: Calyrex|def|1\n|-unboost|p1b: Calyrex|spd|1\n|faint|p2b: Chien-Pao\n|-ability|p1b: Calyrex|Chilling Neigh|boost\n|-boost|p1b: Calyrex|atk|1\n|move|p1a: Landorus|Earth Power|p2a: Rillaboom\n|-resisted|p2a: Rillaboom\n|-damage|p2a: Rillaboom|73/100\n|\n|-heal|p2a: Rillaboom|79/100|[from] Grassy Terrain\n|upkeep\n|\n|t:|1770823659\n|switch|p2b: Zamazenta|Zamazenta-Crowned, L50, shiny|100/100\n|turn|3\n|\n|t:|1770823670\n|-terastallize|p2b: Zamazenta|Grass\n|move|p1a: Landorus|Protect|p1a: Landorus\n|-singleturn|p1a: Landorus|Protect\n|move|p2a: Rillaboom|Grassy Glide|p1a: Landorus\n|-activate|p1a: Landorus|move: Protect\n|move|p1b: Calyrex|Glacial Lance|p2a: Rillaboom|[spread] p2a,p2b\n|-supereffective|p2a: Rillaboom\n|-supereffective|p2b: Zamazenta\n|-damage|p2a: Rillaboom|0 fnt\n|-damage|p2b: Zamazenta|4/100\n|faint|p2a: Rillaboom\n|-ability|p1b: Calyrex|Chilling Neigh|boost\n|-boost|p1b: Calyrex|atk|1\n|move|p2b: Zamazenta|Body Press|p1b: Calyrex\n|-damage|p1b: Calyrex|58/100\n|\n|-heal|p1b: Calyrex|64/100|[from] Grassy Terrain\n|-heal|p2b: Zamazenta|10/100|[from] Grassy Terrain\n|upkeep\n|\n|t:|1770823686\n|switch|p2a: Clefairy|Clefairy, L50, F, shiny|100/100\n|turn|4\n|\n|t:|1770823702\n|move|p2a: Clefairy|After You|p2b: Zamazenta\n|-activate|p2b: Zamazenta|move: After You\n|move|p2b: Zamazenta|Body Press|p1b: Calyrex\n|-damage|p1b: Calyrex|26/100\n|move|p1b: Calyrex|Close Combat|p2b: Zamazenta\n|-damage|p2b: Zamazenta|0 fnt\n|-unboost|p1b: Calyrex|def|1\n|-unboost|p1b: Calyrex|spd|1\n|faint|p2b: Zamazenta\n|-ability|p1b: Calyrex|Chilling Neigh|boost\n|-boost|p1b: Calyrex|atk|1\n|move|p1a: Landorus|Sludge Bomb|p2a: Clefairy\n|-supereffective|p2a: Clefairy\n|-damage|p2a: Clefairy|0 fnt\n|faint|p2a: Clefairy\n|\n|win|j0l0k0\n|raw|j0l0k0's rating: 1431 &rarr; <strong>1452</strong><br />(+21 for winning)\n|raw|babzhujia\u7c89\u4e1d's rating: 1457 &rarr; <strong>1436</strong><br />(-21 for losing)\n|l|\u2606j0l0k0\n|player|p1|\n|l|\u2606babzhujia\u7c89\u4e1d\n|player|p2|\n","uploadtime":1770823893,"views":14,"formatid":"gen9vgc2026regi","rating":1436,"private":0,"password":null}