{"id":"gen9vgc2026regi-2567542367","format":"[Gen 9] VGC 2026 Reg I","players":["Professor Hen","terafireflareblitz"],"log":"|j|\u2606Professor Hen\n|j|\u2606terafireflareblitz\n|t:|1774486163\n|gametype|doubles\n|player|p1|Professor Hen|102|1388\n|player|p2|terafireflareblitz|sycamore|1563\n|gen|9\n|tier|[Gen 9] VGC 2026 Reg I\n|rated|\n|rule|Species Clause: Limit one of each Pok\u00e9mon\n|rule|Item Clause: Limit 1 of each item\n|clearpoke\n|poke|p1|Ditto, L50|\n|poke|p1|Whimsicott, L50, F|\n|poke|p1|Iron Bundle, L50|\n|poke|p1|Grimmsnarl, L50, M|\n|poke|p1|Calyrex-Shadow, L50|\n|poke|p1|Miraidon, L50|\n|poke|p2|Koraidon, L50|\n|poke|p2|Lunala, L50|\n|poke|p2|Indeedee-F, L50, F|\n|poke|p2|Flutter Mane, L50|\n|poke|p2|Volcarona, L50, M|\n|poke|p2|Ursaluna, L50, M|\n|teampreview|4\n|inactive|Battle timer is ON: inactive players will automatically lose when time's up. (requested by terafireflareblitz)\nProfessor Hen has agreed to open team sheets.\n|inactive|Professor Hen has 60 seconds left.\n|inactive|Professor Hen has 30 seconds left.\n|inactive|Professor Hen has 20 seconds left.\n|\n|t:|1774486236\n|teamsize|p1|4\n|teamsize|p2|4\n|start\n|switch|p1a: Miraidon|Miraidon, L50|100/100\n|switch|p1b: Calyrex|Calyrex-Shadow, L50|100/100\n|switch|p2a: Lunala|Lunala, L50, shiny|100/100\n|switch|p2b: Indeedee|Indeedee-F, L50, F|100/100\n|-ability|p1b: Calyrex|As One\n|-ability|p1b: Calyrex|Unnerve\n|-fieldstart|move: Electric Terrain|[from] ability: Hadron Engine|[of] p1a: Miraidon\n|-fieldstart|move: Psychic Terrain|[from] ability: Psychic Surge|[of] p2b: Indeedee\n|turn|1\n|inactive|Professor Hen has 30 seconds left.\n|inactive|Professor Hen has 20 seconds left.\n|inactive|Professor Hen has 15 seconds left.\n|inactive|Professor Hen has 10 seconds left.\n|\n|t:|1774486285\n|-terastallize|p2a: Lunala|Water\n|move|p1b: Calyrex|Nasty Plot|p1b: Calyrex\n|-boost|p1b: Calyrex|spa|2\n|move|p1a: Miraidon|Volt Switch|p2b: Indeedee\n|-damage|p2b: Indeedee|44/100\n|\n|t:|1774486294\n|switch|p1a: Iron Bundle|Iron Bundle, L50|100/100|[from] Volt Switch\n|move|p2a: Lunala|Moongeist Beam|p1b: Calyrex\n|-supereffective|p1b: Calyrex\n|-damage|p1b: Calyrex|0 fnt\n|faint|p1b: Calyrex\n|move|p2b: Indeedee|Trick Room|p2b: Indeedee\n|-fieldstart|move: Trick Room|[of] p2b: Indeedee\n|\n|upkeep\n|\n|t:|1774486305\n|switch|p1b: Ditto|Ditto, L50|100/100\n|-transform|p1b: Ditto|p2a: Lunala|[from] ability: Imposter\n|-enditem|p1b: Ditto|Room Service\n|-unboost|p1b: Ditto|spe|1|[from] item: Room Service\n|-start|p1b: Ditto|typechange|Psychic/Ghost|[silent]\n|turn|2\n|inactive|Professor Hen has 30 seconds left.\n|inactive|Professor Hen has 20 seconds left.\n|inactive|Professor Hen has 15 seconds left.\n|inactive|Professor Hen has 10 seconds left.\n|\n|t:|1774486352\n|move|p2b: Indeedee|Helping Hand|p2a: Lunala\n|-singleturn|p2a: Lunala|Helping Hand|[of] p2b: Indeedee\n|move|p1b: Ditto|Expanding Force|p2a: Lunala|[spread] p2a,p2b\n|-resisted|p2b: Indeedee\n|-damage|p2a: Lunala|76/100\n|-damage|p2b: Indeedee|13/100\n|move|p2a: Lunala|Moongeist Beam|p1b: Ditto\n|-supereffective|p1b: Ditto\n|-damage|p1b: Ditto|0 fnt\n|faint|p1b: Ditto\n|move|p1a: Iron Bundle|Hydro Pump|p2b: Indeedee\n|-damage|p2b: Indeedee|0 fnt\n|faint|p2b: Indeedee\n|\n|upkeep\n|-message|Professor Hen forfeited.\n|\n|win|terafireflareblitz\n|raw|Professor Hen's rating: 1388 &rarr; <strong>1377</strong><br />(-11 for losing)\n|raw|terafireflareblitz's rating: 1563 &rarr; <strong>1574</strong><br />(+11 for winning)\n","uploadtime":1774486364,"views":11,"formatid":"gen9vgc2026regi","rating":1377,"private":0,"password":null}