{"id":"gen9vgc2026regi-2544728571","format":"[Gen 9] VGC 2026 Reg I","players":["nickfanta","EllenJoe2026"],"log":"|j|\u2606nickfanta\n|j|\u2606EllenJoe2026\n|t:|1771747507\n|gametype|doubles\n|player|p1|nickfanta|riley|1384\n|player|p2|EllenJoe2026|iono|1338\n|gen|9\n|tier|[Gen 9] VGC 2026 Reg I\n|rated|\n|rule|Species Clause: Limit one of each Pok\u00e9mon\n|rule|Item Clause: Limit 1 of each item\n|clearpoke\n|poke|p1|Calyrex-Ice, L50|\n|poke|p1|Iron Hands, L50|\n|poke|p1|Chien-Pao, L50|\n|poke|p1|Pelipper, L50, F|\n|poke|p1|Lunala, L50|\n|poke|p1|Amoonguss, L50, F|\n|poke|p2|Calyrex-Shadow, L50|\n|poke|p2|Zamazenta-*, L50|\n|poke|p2|Chien-Pao, L50|\n|poke|p2|Dragonite, L50, F|\n|poke|p2|Amoonguss, L50, F|\n|poke|p2|Ogerpon-Cornerstone, L50, F|\n|teampreview|4\n|inactive|Battle timer is ON: inactive players will automatically lose when time's up. (requested by EllenJoe2026)\n|inactive|nickfanta has 60 seconds left.\n|\n|t:|1771747543\n|teamsize|p1|4\n|teamsize|p2|4\n|start\n|switch|p1a: Calyrex|Calyrex-Ice, L50|100/100\n|switch|p1b: Iron Hands|Iron Hands, L50|100/100\n|switch|p2a: Calyrex|Calyrex-Shadow, L50|100/100\n|switch|p2b: Ogerpon|Ogerpon-Cornerstone, L50, F|100/100\n|-ability|p2a: Calyrex|As One\n|-ability|p2a: Calyrex|Unnerve\n|-ability|p1a: Calyrex|As One\n|-ability|p1a: Calyrex|Unnerve\n|turn|1\n|inactive|nickfanta has 30 seconds left.\n|\n|t:|1771747568\n|-terastallize|p1a: Calyrex|Water\n|move|p1b: Iron Hands|Fake Out|p2b: Ogerpon\n|-resisted|p2b: Ogerpon\n|-damage|p2b: Ogerpon|90/100\n|move|p2a: Calyrex|Taunt|p1a: Calyrex\n|-start|p1a: Calyrex|move: Taunt\n|cant|p2b: Ogerpon|flinch\n|cant|p1a: Calyrex|move: Taunt|Trick Room\n|\n|upkeep\n|turn|2\n|\n|t:|1771747587\n|-terastallize|p2a: Calyrex|Ghost\n|move|p2a: Calyrex|Astral Barrage|p1b: Iron Hands|[spread] p1a,p1b\n|-damage|p1a: Calyrex|55/100\n|-damage|p1b: Iron Hands|62/100\n|move|p2b: Ogerpon|Ivy Cudgel|p1a: Calyrex|[anim] Ivy Cudgel Rock\n|-damage|p1a: Calyrex|15/100\n|move|p1b: Iron Hands|Wild Charge|p2a: Calyrex\n|-damage|p2a: Calyrex|39/100\n|-damage|p1b: Iron Hands|51/100|[from] Recoil\n|move|p1a: Calyrex|Glacial Lance|p2b: Ogerpon|[spread] p2a,p2b\n|-supereffective|p2b: Ogerpon\n|-damage|p2a: Calyrex|0 fnt\n|-damage|p2b: Ogerpon|0 fnt\n|faint|p2a: Calyrex\n|faint|p2b: Ogerpon\n|-ability|p1a: Calyrex|Chilling Neigh|boost\n|-boost|p1a: Calyrex|atk|2\n|\n|-heal|p1a: Calyrex|20/100|[from] item: Leftovers\n|upkeep\n|\n|t:|1771747600\n|switch|p2a: Zamazenta|Zamazenta-Crowned, L50|100/100\n|switch|p2b: Amoonguss|Amoonguss, L50, F|100/100\n|-ability|p2a: Zamazenta|Dauntless Shield|boost\n|-boost|p2a: Zamazenta|def|1\n|turn|3\n|-message|EllenJoe2026 forfeited.\n|\n|win|nickfanta\n|raw|nickfanta's rating: 1384 &rarr; <strong>1401</strong><br />(+17 for winning)\n|raw|EllenJoe2026's rating: 1338 &rarr; <strong>1321</strong><br />(-17 for losing)\n|l|\u2606EllenJoe2026\n|player|p2|\n|l|\u2606nickfanta\n|player|p1|\n","uploadtime":1771747804,"views":11,"formatid":"gen9vgc2026regi","rating":1321,"private":0,"password":null}