{"id":"gen9vgc2026regi-2558847250","format":"[Gen 9] VGC 2026 Reg I","players":["TheNamesBetty","Gregergdrgrdgdg"],"log":"|j|\u2606TheNamesBetty\n|j|\u2606Gregergdrgrdgdg\n|t:|1773492757\n|gametype|doubles\n|player|p1|TheNamesBetty|koga|1175\n|player|p2|Gregergdrgrdgdg|102|1152\n|gen|9\n|tier|[Gen 9] VGC 2026 Reg I\n|rated|\n|rule|Species Clause: Limit one of each Pok\u00e9mon\n|rule|Item Clause: Limit 1 of each item\n|clearpoke\n|poke|p1|Azelf, L50|\n|poke|p1|Kyogre, L50|\n|poke|p1|Amoonguss, L50, F|\n|poke|p1|Dialga, L50|\n|poke|p1|Incineroar, L50, M|\n|poke|p1|Tornadus, L50, M|\n|poke|p2|Lunala, L50|\n|poke|p2|Farigiraf, L50, F|\n|poke|p2|Urshifu-*, L50, M|\n|poke|p2|Miraidon, L50|\n|poke|p2|Iron Hands, L50|\n|poke|p2|Ursaluna-Bloodmoon, L50, M|\n|teampreview|4\n|c|\u2606TheNamesBetty|Good luck!\nTheNamesBetty has agreed to open team sheets.\n|\n|t:|1773492790\n|teamsize|p1|4\n|teamsize|p2|4\n|start\n|switch|p1a: Pro\u010dToD\u011bl\u00e1m|Azelf, L50|100/100\n|switch|p1b: Dr\u00e1\u010dek Sr\u00e1\u010dek|Dialga, L50|100/100\n|switch|p2a: Miraidon|Miraidon, L50|100/100\n|switch|p2b: Lunala|Lunala, L50|100/100\n|-fieldstart|move: Electric Terrain|[from] ability: Hadron Engine|[of] p2a: Miraidon\n|turn|1\n|\n|t:|1773492826\n|-terastallize|p1a: Pro\u010dToD\u011bl\u00e1m|Normal\n|move|p2a: Miraidon|Volt Switch|p1a: Pro\u010dToD\u011bl\u00e1m\n|-damage|p1a: Pro\u010dToD\u011bl\u00e1m|0 fnt\n|faint|p1a: Pro\u010dToD\u011bl\u00e1m\n|\n|t:|1773492834\n|switch|p2a: Iron Hands|Iron Hands, L50|100/100|[from] Volt Switch\n|-activate|p2a: Iron Hands|ability: Quark Drive\n|-start|p2a: Iron Hands|quarkdriveatk\n|move|p2b: Lunala|Moongeist Beam|p1b: Dr\u00e1\u010dek Sr\u00e1\u010dek\n|-damage|p1b: Dr\u00e1\u010dek Sr\u00e1\u010dek|51/100\n|move|p1b: Dr\u00e1\u010dek Sr\u00e1\u010dek|Trick Room|p1b: Dr\u00e1\u010dek Sr\u00e1\u010dek\n|-fieldstart|move: Trick Room|[of] p1b: Dr\u00e1\u010dek Sr\u00e1\u010dek\n|\n|upkeep\n|\n|t:|1773492846\n|switch|p1a: Ko\u010di\u010d\u00e1k|Incineroar, L50, M|100/100\n|-ability|p1a: Ko\u010di\u010d\u00e1k|Intimidate|boost\n|-unboost|p2a: Iron Hands|atk|1\n|-unboost|p2b: Lunala|atk|1\n|turn|2\n|\n|t:|1773492859\n|move|p2a: Iron Hands|Drain Punch|p1b: Dr\u00e1\u010dek Sr\u00e1\u010dek\n|-supereffective|p1b: Dr\u00e1\u010dek Sr\u00e1\u010dek\n|-damage|p1b: Dr\u00e1\u010dek Sr\u00e1\u010dek|7/100\n|move|p1a: Ko\u010di\u010d\u00e1k|Snarl|p2a: Iron Hands|[spread] p2a,p2b\n|-resisted|p2a: Iron Hands\n|-crit|p2a: Iron Hands\n|-supereffective|p2b: Lunala\n|-damage|p2a: Iron Hands|97/100\n|-damage|p2b: Lunala|87/100\n|-unboost|p2a: Iron Hands|spa|1\n|-unboost|p2b: Lunala|spa|1\n|move|p1b: Dr\u00e1\u010dek Sr\u00e1\u010dek|Draco Meteor|p2a: Iron Hands\n|-damage|p2a: Iron Hands|59/100\n|-unboost|p1b: Dr\u00e1\u010dek Sr\u00e1\u010dek|spa|2\n|move|p2b: Lunala|Moongeist Beam|p1b: Dr\u00e1\u010dek Sr\u00e1\u010dek\n|-damage|p1b: Dr\u00e1\u010dek Sr\u00e1\u010dek|0 fnt\n|faint|p1b: Dr\u00e1\u010dek Sr\u00e1\u010dek\n|\n|upkeep\n|\n|t:|1773492874\n|switch|p1b: T\u00fdbr\u010fo ryba|Kyogre, L50|100/100\n|-weather|RainDance|[from] ability: Drizzle|[of] p1b: T\u00fdbr\u010fo ryba\n|turn|3\n|\n|t:|1773492884\n|move|p2a: Iron Hands|Wild Charge|p1b: T\u00fdbr\u010fo ryba\n|-supereffective|p1b: T\u00fdbr\u010fo ryba\n|-damage|p1b: T\u00fdbr\u010fo ryba|0 fnt\n|faint|p1b: T\u00fdbr\u010fo ryba\n|-damage|p2a: Iron Hands|37/100|[from] Recoil\n|move|p1a: Ko\u010di\u010d\u00e1k|Snarl|p2a: Iron Hands|[spread] p2a,p2b\n|-resisted|p2a: Iron Hands\n|-supereffective|p2b: Lunala\n|-damage|p2a: Iron Hands|34/100\n|-damage|p2b: Lunala|59/100\n|-unboost|p2a: Iron Hands|spa|1\n|-unboost|p2b: Lunala|spa|1\n|move|p2b: Lunala|Moongeist Beam|p1a: Ko\u010di\u010d\u00e1k\n|-resisted|p1a: Ko\u010di\u010d\u00e1k\n|-damage|p1a: Ko\u010di\u010d\u00e1k|87/100\n|\n|-weather|RainDance|[upkeep]\n|upkeep\n|turn|4\n|\n|t:|1773492893\n|move|p2a: Iron Hands|Drain Punch|p1a: Ko\u010di\u010d\u00e1k\n|-supereffective|p1a: Ko\u010di\u010d\u00e1k\n|-damage|p1a: Ko\u010di\u010d\u00e1k|13/100\n|-heal|p2a: Iron Hands|66/100|[from] drain|[of] p1a: Ko\u010di\u010d\u00e1k\n|move|p1a: Ko\u010di\u010d\u00e1k|Snarl|p2a: Iron Hands|[spread] p2a,p2b\n|-resisted|p2a: Iron Hands\n|-supereffective|p2b: Lunala\n|-damage|p2a: Iron Hands|63/100\n|-damage|p2b: Lunala|31/100\n|-unboost|p2a: Iron Hands|spa|1\n|-unboost|p2b: Lunala|spa|1\n|-enditem|p2b: Lunala|Sitrus Berry|[eat]\n|-heal|p2b: Lunala|56/100|[from] item: Sitrus Berry\n|move|p2b: Lunala|Moonblast|p1a: Ko\u010di\u010d\u00e1k\n|-damage|p1a: Ko\u010di\u010d\u00e1k|0 fnt\n|faint|p1a: Ko\u010di\u010d\u00e1k\n|\n|win|Gregergdrgrdgdg\n|raw|TheNamesBetty's rating: 1175 &rarr; <strong>1148</strong><br />(-27 for losing)\n|raw|Gregergdrgrdgdg's rating: 1152 &rarr; <strong>1179</strong><br />(+27 for winning)\n|l|\u2606TheNamesBetty\n|player|p1|\n|l|\u2606Gregergdrgrdgdg\n|player|p2|\n","uploadtime":1773493074,"views":14,"formatid":"gen9vgc2026regi","rating":1148,"private":0,"password":null}