{"id":"gen9vgc2026regi-2570031314","format":"[Gen 9] VGC 2026 Reg I","players":["Snowsquall brute","suc vat vk"],"log":"|j|\u2606Snowsquall brute\n|j|\u2606suc vat vk\n|t:|1774759007\n|gametype|doubles\n|player|p1|Snowsquall brute|veteran|1451\n|player|p2|suc vat vk|kimonogirl|1551\n|gen|9\n|tier|[Gen 9] VGC 2026 Reg I\n|rated|\n|rule|Species Clause: Limit one of each Pok\u00e9mon\n|rule|Item Clause: Limit 1 of each item\n|clearpoke\n|poke|p1|Miraidon, L50|\n|poke|p1|Landorus-Therian, L50, M|\n|poke|p1|Kingambit, L50, M|\n|poke|p1|Lunala, L50|\n|poke|p2|Kyogre, L50|\n|poke|p2|Iron Jugulis, L50|\n|poke|p2|Amoonguss, L50, M|\n|poke|p2|Calyrex-Ice, L50|\n|poke|p2|Indeedee-F, L50, F|\n|poke|p2|Urshifu-*, L50, M|\n|teampreview|4\n|\n|t:|1774759041\n|teamsize|p1|4\n|teamsize|p2|4\n|start\n|switch|p1a: Miraidon|Miraidon, L50|100/100\n|switch|p1b: Landorus|Landorus-Therian, L50, M|100/100\n|switch|p2a: Iron Jugulis|Iron Jugulis, L50|100/100\n|switch|p2b: Urshifu|Urshifu-Rapid-Strike, L50, M|100/100\n|-fieldstart|move: Electric Terrain|[from] ability: Hadron Engine|[of] p1a: Miraidon\n|-activate|p2a: Iron Jugulis|ability: Quark Drive\n|-start|p2a: Iron Jugulis|quarkdrivespe\n|-enditem|p1a: Miraidon|Electric Seed\n|-boost|p1a: Miraidon|def|1|[from] item: Electric Seed\n|-ability|p1b: Landorus|Intimidate|boost\n|-unboost|p2a: Iron Jugulis|atk|1\n|-unboost|p2b: Urshifu|atk|1\n|turn|1\n|inactive|Battle timer is ON: inactive players will automatically lose when time's up. (requested by suc vat vk)\n|\n|t:|1774759063\n|-terastallize|p1b: Landorus|Water\n|move|p2a: Iron Jugulis|Tailwind|p2a: Iron Jugulis\n|-sidestart|p2: suc vat vk|move: Tailwind\n|move|p2b: Urshifu|U-turn|p1a: Miraidon\n|-damage|p1a: Miraidon|90/100\n|\n|t:|1774759076\n|switch|p2b: Indeedee|Indeedee-F, L50, F|100/100|[from] U-turn\n|-fieldstart|move: Psychic Terrain|[from] ability: Psychic Surge|[of] p2b: Indeedee\n|-end|p2a: Iron Jugulis|Quark Drive\n|-enditem|p2a: Iron Jugulis|Booster Energy\n|-activate|p2a: Iron Jugulis|ability: Quark Drive|[fromitem]\n|-start|p2a: Iron Jugulis|quarkdrivespe\n|move|p1a: Miraidon|Parabolic Charge|p2a: Iron Jugulis|[spread] p1b,p2a,p2b\n|-supereffective|p1b: Landorus\n|-supereffective|p2a: Iron Jugulis\n|-damage|p1b: Landorus|73/100\n|-heal|p1a: Miraidon|100/100|[from] drain|[of] p1b: Landorus\n|-damage|p2a: Iron Jugulis|43/100\n|-damage|p2b: Indeedee|80/100\n|-enditem|p2b: Indeedee|Eject Button\n|\n|t:|1774759085\n|switch|p2b: Kyogre|Kyogre, L50, shiny|100/100\n|-weather|RainDance|[from] ability: Drizzle|[of] p2b: Kyogre\n|move|p1b: Landorus|Rock Tomb|p2a: Iron Jugulis\n|-supereffective|p2a: Iron Jugulis\n|-damage|p2a: Iron Jugulis|0 fnt\n|faint|p2a: Iron Jugulis\n|-end|p2a: Iron Jugulis|Quark Drive|[silent]\n|\n|-weather|RainDance|[upkeep]\n|upkeep\n|\n|t:|1774759092\n|switch|p2a: Urshifu|Urshifu-Rapid-Strike, L50, M|100/100\n|turn|2\n|\n|t:|1774759099\n|-terastallize|p2b: Kyogre|Water\n|move|p1a: Miraidon|Protect|p1a: Miraidon\n|-singleturn|p1a: Miraidon|Protect\n|move|p2a: Urshifu|Surging Strikes|p1a: Miraidon\n|-resisted|p1a: Miraidon\n|-crit|p1a: Miraidon\n|-damage|p1a: Miraidon|86/100\n|-resisted|p1a: Miraidon\n|-crit|p1a: Miraidon\n|-damage|p1a: Miraidon|74/100\n|-resisted|p1a: Miraidon\n|-crit|p1a: Miraidon\n|-damage|p1a: Miraidon|61/100\n|-hitcount|p1a: Miraidon|3\n|move|p2b: Kyogre|Water Spout|p1b: Landorus|[spread] p1b\n|-activate|p1a: Miraidon|move: Protect\n|-resisted|p1b: Landorus\n|-damage|p1b: Landorus|9/100\n|move|p1b: Landorus|U-turn|p2b: Kyogre\n|-damage|p2b: Kyogre|70/100\n|\n|t:|1774759102\n|switch|p1b: Lunala|Lunala, L50|100/100|[from] U-turn\n|\n|-weather|RainDance|[upkeep]\n|upkeep\n|turn|3\n|inactive|suc vat vk has 30 seconds left.\n|\n|t:|1774759132\n|switch|p2b: Indeedee|Indeedee-F, L50, F|80/100\n|move|p1b: Lunala|Wide Guard|p1b: Lunala\n|-singleturn|p1b: Lunala|Wide Guard\n|move|p2a: Urshifu|Surging Strikes|p1b: Lunala\n|-crit|p1b: Lunala\n|-damage|p1b: Lunala|88/100\n|-damage|p2a: Urshifu|84/100|[from] item: Rocky Helmet|[of] p1b: Lunala\n|-crit|p1b: Lunala\n|-damage|p1b: Lunala|66/100\n|-damage|p2a: Urshifu|67/100|[from] item: Rocky Helmet|[of] p1b: Lunala\n|-crit|p1b: Lunala\n|-damage|p1b: Lunala|41/100\n|-damage|p2a: Urshifu|51/100|[from] item: Rocky Helmet|[of] p1b: Lunala\n|-hitcount|p1b: Lunala|3\n|move|p1a: Miraidon|Parabolic Charge|p2b: Indeedee|[spread] p2a,p2b\n|-activate|p1b: Lunala|move: Wide Guard\n|-supereffective|p2a: Urshifu\n|-damage|p2a: Urshifu|0 fnt\n|-heal|p1a: Miraidon|82/100|[from] drain|[of] p2a: Urshifu\n|-damage|p2b: Indeedee|61/100\n|-heal|p1a: Miraidon|90/100|[from] drain|[of] p2b: Indeedee\n|faint|p2a: Urshifu\n|\n|-weather|RainDance|[upkeep]\n|upkeep\n|\n|t:|1774759134\n|switch|p2a: Kyogre|Kyogre, L50, shiny, tera:Water|70/100\n|turn|4\n|-message|suc vat vk forfeited.\n|\n|win|Snowsquall brute\n|raw|Snowsquall brute's rating: 1451 &rarr; <strong>1477</strong><br />(+26 for winning)\n|raw|suc vat vk's rating: 1551 &rarr; <strong>1525</strong><br />(-26 for losing)\n|l|\u2606suc vat vk\n|player|p2|\n|l|\u2606Snowsquall brute\n|player|p1|\n","uploadtime":1774759291,"views":13,"formatid":"gen9vgc2026regi","rating":1477,"private":0,"password":null}