{"id":"gen9vgc2026regi-2523209228","format":"[Gen 9] VGC 2026 Reg I","players":["keturn","BOMAtheFireEnjoyer"],"log":"|j|\u2606keturn\n|j|\u2606BOMAtheFireEnjoyer\n|t:|1769003547\n|gametype|doubles\n|player|p1|keturn|101|1226\n|player|p2|BOMAtheFireEnjoyer|266|1175\n|gen|9\n|tier|[Gen 9] VGC 2026 Reg I\n|rated|\n|rule|Species Clause: Limit one of each Pok\u00e9mon\n|rule|Item Clause: Limit 1 of each item\n|clearpoke\n|poke|p1|Groudon, L50|\n|poke|p1|Flutter Mane, L50|\n|poke|p1|Incineroar, L50, M|\n|poke|p1|Calyrex-Ice, L50|\n|poke|p1|Shiftry, L50, M|\n|poke|p1|Sinistcha, L50|\n|poke|p2|Reshiram, L50|\n|poke|p2|Groudon, L50|\n|poke|p2|Walking Wake, L50|\n|poke|p2|Iron Hands, L50|\n|poke|p2|Farigiraf, L50, M|\n|poke|p2|Whimsicott, L50, M|\n|teampreview|4\n|inactive|Battle timer is ON: inactive players will automatically lose when time's up. (requested by BOMAtheFireEnjoyer)\n|inactive|keturn has 60 seconds left.\n|inactive|keturn has 30 seconds left.\n|\n|t:|1769003647\n|teamsize|p1|4\n|teamsize|p2|4\n|start\n|switch|p1a: Groudon|Groudon, L50|100/100\n|switch|p1b: Shiftry|Shiftry, L50, M|100/100\n|switch|p2a: Reshiram|Reshiram, L50|100/100\n|switch|p2b: Whimsicott|Whimsicott, L50, M|100/100\n|-ability|p2a: Reshiram|Turboblaze\n|-weather|SunnyDay|[from] ability: Drought|[of] p1a: Groudon\n|turn|1\n|\n|t:|1769003663\n|switch|p2b: Farigiraf|Farigiraf, L50, M|100/100\n|-terastallize|p2a: Reshiram|Fire\n|-terastallize|p1a: Groudon|Water\n|move|p1b: Shiftry|Snarl|p2b: Farigiraf|[spread] p2a,p2b\n|-supereffective|p2b: Farigiraf\n|-damage|p2a: Reshiram|85/100\n|-damage|p2b: Farigiraf|66/100\n|-unboost|p2a: Reshiram|spa|1\n|-unboost|p2b: Farigiraf|spa|1\n|move|p2a: Reshiram|Blue Flare|p1a: Groudon\n|-resisted|p1a: Groudon\n|-damage|p1a: Groudon|39/100\n|move|p1a: Groudon|Precipice Blades|p2a: Reshiram|[spread] p2a,p2b\n|-supereffective|p2a: Reshiram\n|-damage|p2a: Reshiram|0 fnt\n|-damage|p2b: Farigiraf|14/100\n|faint|p2a: Reshiram\n|\n|-weather|SunnyDay|[upkeep]\n|-heal|p1a: Groudon|45/100|[from] item: Leftovers\n|upkeep\n|\n|t:|1769003671\n|switch|p2a: Groudon|Groudon, L50|100/100\n|turn|2\n|-message|BOMAtheFireEnjoyer forfeited.\n|\n|win|keturn\n|raw|keturn's rating: 1226 &rarr; <strong>1247</strong><br />(+21 for winning)\n|raw|BOMAtheFireEnjoyer's rating: 1175 &rarr; <strong>1154</strong><br />(-21 for losing)\n|l|\u2606BOMAtheFireEnjoyer\n|player|p2|\n","uploadtime":1769003835,"views":13,"formatid":"gen9vgc2026regi","rating":1154,"private":0,"password":null}