{"id":"gen9vgc2026regi-2560614228","format":"[Gen 9] VGC 2026 Reg I","players":["Cewomamo","It'sJustKen VGC"],"log":"|j|\u2606Cewomamo\n|j|\u2606It'sJustKen VGC\n|html|<table width=\"100%\"><tr><td align=\"left\">Cewomamo</td><td align=\"right\">It&apos;sJustKen VGC</tr><tr><td align=\"left\"><i class=\"fa fa-circle-o\"></i> <i class=\"fa fa-circle-o\"></i> </td><td align=\"right\"><i class=\"fa fa-circle-o\"></i> <i class=\"fa fa-circle-o\"></i> </tr></table>\n|uhtml|bestof|<h2><strong>Game 1</strong> of <a href=\"/game-bestof3-gen9vgc2026regi-2560614227\">a best-of-3</a></h2>\n|t:|1773704623\n|gametype|doubles\n|player|p1|Cewomamo|giovanni|\n|player|p2|It'sJustKen VGC|2|\n|gen|9\n|tier|[Gen 9] VGC 2026 Reg I\n|rated|Tournament battle\n|rule|Species Clause: Limit one of each Pok\u00e9mon\n|rule|Item Clause: Limit 1 of each item\n|raw|<div class=\"infobox\"><details class=\"readmore\" open><summary><strong>4 custom rules:</strong></summary> Open Team Sheets, Force Open Team Sheets, !Open Team Sheets, Best of = 3</details></div>\n|clearpoke\n|poke|p1|Groudon, L50|\n|poke|p1|Leafeon, L50, M|\n|poke|p1|Rillaboom, L50, M|\n|poke|p1|Brute Bonnet, L50|\n|poke|p1|Talonflame, L50, M|\n|poke|p1|Koraidon, L50|\n|poke|p2|Farigiraf, L50, M|\n|poke|p2|Incineroar, L50, M|\n|poke|p2|Torkoal, L50, M|\n|poke|p2|Calyrex-Shadow, L50|\n|poke|p2|Amoonguss, L50, M|\n|poke|p2|Zamazenta-*, L50|\n|teampreview|4\n|showteam|p1|Groudon||ClearAmulet|Drought|PrecipiceBlades,ThunderPunch,SwordsDance,Protect||||||50|,,,,,Steel]Leafeon||ChoiceBand|Chlorophyll|KnockOff,XScissor,SolarBlade,QuickAttack|||M|||50|,,,,,Dark]Rillaboom||AssaultVest|GrassySurge|FakeOut,GrassyGlide,WoodHammer,Uturn|||M|||50|,,,,,Grass]Brute Bonnet||Leftovers|Protosynthesis|RagePowder,ClearSmog,Spore,SuckerPunch||||||50|,,,,,Ghost]Talonflame||FocusSash|GaleWings|Tailwind,Uturn,UpperHand,TemperFlare|||M|||50|,,,,,Fire]Koraidon||WhiteHerb|OrichalcumPulse|CollisionCourse,ShadowClaw,FlareBlitz,Acrobatics||||||50|,,,,,Fire\n|showteam|p2|Farigiraf||ThroatSpray|ArmorTail|Protect,HyperVoice,Psychic,TrickRoom|||M|||50|,,,,,Water]Incineroar||ClearAmulet|Intimidate|FakeOut,FlareBlitz,KnockOff,CloseCombat|||M|||50|,,,,,Grass]Torkoal||ChoiceSpecs|Drought|Eruption,HeatWave,WeatherBall,EarthPower|||M|||50|,,,,,Fire]Calyrex-Shadow||FocusSash|AsOneSpectrier|Protect,AstralBarrage,Psychic,Imprison||||||50|,,,,,Ghost]Amoonguss||LifeOrb|Regenerator|SludgeBomb,GrassKnot,Spore,RagePowder|||M|||50|,,,,,Water]Zamazenta-Crowned||RustedShield|DauntlessShield|Protect,BodyPress,HeavySlam,WideGuard||||||50|,,,,,Water\n|inactive|Battle timer is ON: inactive players will automatically lose when time's up. (requested by It'sJustKen VGC)\n|inactive|Cewomamo has 60 seconds left.\n|\n|t:|1773704660\n|teamsize|p1|4\n|teamsize|p2|4\n|start\n|switch|p1a: Koraidon|Koraidon, L50|100/100\n|switch|p1b: Brute Bonnet|Brute Bonnet, L50|100/100\n|switch|p2a: Farigiraf|Farigiraf, L50, M|100/100\n|switch|p2b: Incineroar|Incineroar, L50, M|100/100\n|-weather|SunnyDay|[from] ability: Orichalcum Pulse|[of] p1a: Koraidon\n|-activate|p1b: Brute Bonnet|ability: Protosynthesis\n|-start|p1b: Brute Bonnet|protosynthesisspd\n|-activate|p1a: Koraidon|Orichalcum Pulse|[source]\n|-ability|p2b: Incineroar|Intimidate|boost\n|-unboost|p1a: Koraidon|atk|1\n|-unboost|p1b: Brute Bonnet|atk|1\n|-enditem|p1a: Koraidon|White Herb\n|-clearnegativeboost|p1a: Koraidon|[silent]\n|turn|1\n|\n|t:|1773704684\n|move|p2a: Farigiraf|Protect|p2a: Farigiraf\n|-singleturn|p2a: Farigiraf|Protect\n|move|p1b: Brute Bonnet|Rage Powder|p1b: Brute Bonnet\n|-singleturn|p1b: Brute Bonnet|move: Rage Powder\n|move|p1a: Koraidon|Acrobatics|p2b: Incineroar\n|-damage|p2b: Incineroar|47/100\n|move|p2b: Incineroar|Knock Off|p1b: Brute Bonnet\n|-resisted|p1b: Brute Bonnet\n|-damage|p1b: Brute Bonnet|79/100\n|-enditem|p1b: Brute Bonnet|Leftovers|[from] move: Knock Off|[of] p2b: Incineroar\n|\n|-weather|SunnyDay|[upkeep]\n|upkeep\n|turn|2\n|\n|t:|1773704707\n|move|p1b: Brute Bonnet|Rage Powder|p1b: Brute Bonnet\n|-singleturn|p1b: Brute Bonnet|move: Rage Powder\n|move|p1a: Koraidon|Acrobatics|p2b: Incineroar\n|-damage|p2b: Incineroar|0 fnt\n|faint|p2b: Incineroar\n|move|p2a: Farigiraf|Trick Room|p2a: Farigiraf\n|-fieldstart|move: Trick Room|[of] p2a: Farigiraf\n|\n|-weather|SunnyDay|[upkeep]\n|upkeep\n|\n|t:|1773704719\n|switch|p2b: Torkoal|Torkoal, L50, M|100/100\n|turn|3\n|inactive|Cewomamo has 30 seconds left.\n|inactive|Cewomamo has 20 seconds left.\n|\n|t:|1773704758\n|-terastallize|p2b: Torkoal|Fire\n|-terastallize|p1b: Brute Bonnet|Ghost\n|move|p2b: Torkoal|Eruption|p1b: Brute Bonnet|[spread] p1a,p1b\n|-resisted|p1a: Koraidon\n|-damage|p1a: Koraidon|24/100\n|-damage|p1b: Brute Bonnet|6/100\n|move|p2a: Farigiraf|Hyper Voice|p1b: Brute Bonnet|[spread] p1a\n|-immune|p1b: Brute Bonnet\n|-damage|p1a: Koraidon|0 fnt\n|faint|p1a: Koraidon\n|-enditem|p2a: Farigiraf|Throat Spray\n|-boost|p2a: Farigiraf|spa|1|[from] item: Throat Spray\n|move|p1b: Brute Bonnet|Spore|p2b: Torkoal\n|-status|p2b: Torkoal|slp|[from] move: Spore\n|\n|-weather|SunnyDay|[upkeep]\n|upkeep\n|\n|t:|1773704768\n|switch|p1a: Groudon|Groudon, L50|100/100\n|turn|4\n|\n|t:|1773704793\n|cant|p2b: Torkoal|slp\n|move|p2a: Farigiraf|Psychic|p1b: Brute Bonnet\n|-damage|p1b: Brute Bonnet|0 fnt\n|faint|p1b: Brute Bonnet\n|-end|p1b: Brute Bonnet|Protosynthesis|[silent]\n|move|p1a: Groudon|Precipice Blades|p2b: Torkoal|[spread] p2a,p2b\n|-supereffective|p2b: Torkoal\n|-damage|p2a: Farigiraf|49/100\n|-damage|p2b: Torkoal|15/100 slp\n|\n|-weather|SunnyDay|[upkeep]\n|upkeep\n|\n|t:|1773704798\n|switch|p1b: Leafeon|Leafeon, L50, M|100/100\n|turn|5\n|\n|t:|1773704816\n|move|p2a: Farigiraf|Protect|p2a: Farigiraf\n|-singleturn|p2a: Farigiraf|Protect\n|cant|p2b: Torkoal|slp\n|move|p1a: Groudon|Precipice Blades|p2a: Farigiraf|[spread] p2b\n|-activate|p2a: Farigiraf|move: Protect\n|-supereffective|p2b: Torkoal\n|-damage|p2b: Torkoal|0 fnt\n|faint|p2b: Torkoal\n|move|p1b: Leafeon|Knock Off|p2a: Farigiraf\n|-activate|p2a: Farigiraf|move: Protect\n|\n|-weather|none\n|upkeep\n|\n|t:|1773704831\n|switch|p2b: Amoonguss|Amoonguss, L50, M|100/100\n|turn|6\n|\n|t:|1773704844\n|move|p2b: Amoonguss|Grass Knot|p1a: Groudon\n|-supereffective|p1a: Groudon\n|-damage|p1a: Groudon|0 fnt\n|faint|p1a: Groudon\n|-damage|p2b: Amoonguss|91/100|[from] item: Life Orb\n|move|p2a: Farigiraf|Hyper Voice|p1b: Leafeon\n|-damage|p1b: Leafeon|0 fnt\n|faint|p1b: Leafeon\n|\n|win|It'sJustKen VGC\n||It'sJustKen VGC is ready for game 2.\n||Cewomamo is ready for game 2.\n|uhtml|next|Next: <a href=\"/battle-gen9vgc2026regi-2560616413\"><strong>Game 2 of 3</strong></a>\n","uploadtime":1773704848,"views":9,"formatid":"gen9vgc2026regi","rating":null,"private":0,"password":null}