{"id":"gen9vgc2026regi-2565906741","format":"[Gen 9] VGC 2026 Reg I","players":["Aragon121_","ScribbleScribble"],"log":"|j|\u2606Aragon121_\n|j|\u2606ScribbleScribble\n|html|<table width=\"100%\"><tr><td align=\"left\">Aragon121_</td><td align=\"right\">ScribbleScribble</tr><tr><td align=\"left\"><i class=\"fa fa-circle-o\"></i> <i class=\"fa fa-circle-o\"></i> </td><td align=\"right\"><i class=\"fa fa-circle-o\"></i> <i class=\"fa fa-circle\"></i> </tr></table>\n|uhtml|bestof|<h2><strong>Game 2</strong> of <a href=\"/game-bestof3-gen9vgc2026regi-2565905667\">a best-of-3</a></h2>\n|t:|1774316472\n|gametype|doubles\n|player|p1|Aragon121_|265|\n|player|p2|ScribbleScribble|mina-lgpe|\n|gen|9\n|tier|[Gen 9] VGC 2026 Reg I\n|rated|Tournament battle\n|rule|Species Clause: Limit one of each Pok\u00e9mon\n|rule|Item Clause: Limit 1 of each item\n|raw|<div class=\"infobox\"><details class=\"readmore\" open><summary><strong>4 custom rules:</strong></summary> Open Team Sheets, Force Open Team Sheets, !Open Team Sheets, Best of = 3</details></div>\n|clearpoke\n|poke|p1|Calyrex-Shadow, L50|\n|poke|p1|Zamazenta-*, L50|\n|poke|p1|Clefairy, L50, M|\n|poke|p1|Incineroar, L50, F|\n|poke|p1|Ogerpon-Hearthflame, L50, F|\n|poke|p1|Raging Bolt, L50|\n|poke|p2|Calyrex-Ice, L50|\n|poke|p2|Kyogre, L50|\n|poke|p2|Tornadus, L50, M|\n|poke|p2|Indeedee-F, L50, F|\n|poke|p2|Landorus, L50, M|\n|poke|p2|Urshifu-*, L50, M|\n|teampreview|4\n|showteam|p1|Calyrex-Shadow||FocusSash|AsOneSpectrier|AstralBarrage,NastyPlot,TeraBlast,Protect||||||50|,,,,,Fighting]Zamazenta-Crowned||RustedShield|DauntlessShield|BodyPress,behemothbash,WideGuard,Protect||||||50|,,,,,Ground]Clefairy||Eviolite|FriendGuard|FollowMe,AfterYou,HelpingHand,KnockOff|||M|||50|,,,,,Grass]Incineroar||RockyHelmet|Intimidate|FakeOut,WillOWisp,KnockOff,PartingShot|||F|||50|,,,,,Bug]Ogerpon-Hearthflame||HearthflameMask|MoldBreaker|WoodHammer,SpikyShield,IvyCudgel,FollowMe|||F|||50|,,,,,Fire]Raging Bolt||AssaultVest|Protosynthesis|Thunderclap,Snarl,DragonPulse,Thunderbolt||||||50|,,,,,Electric\n|showteam|p2|Calyrex-Ice||ClearAmulet|AsOneGlastrier|GlacialLance,SeedBomb,TrickRoom,Imprison||||||50|,,,,,Grass]Kyogre||MysticWater|Drizzle|WaterSpout,HydroPump,Thunder,Protect||||||50|,,,,,Grass]Tornadus||FocusSash|Prankster|BleakwindStorm,RainDance,Taunt,Tailwind|||M|||50|,,,,,Ghost]Indeedee-F||PsychicSeed|PsychicSurge|Psychic,HelpingHand,FollowMe,TrickRoom|||F|||50|,,,,,Ground]Landorus||LifeOrb|SheerForce|EarthPower,SandsearStorm,SludgeBomb,Protect|||M|||50|,,,,,Poison]Urshifu-Rapid-Strike||ChoiceBand|UnseenFist|SurgingStrikes,Uturn,AquaJet,CloseCombat|||M|||50|,,,,,Ghost\n|inactive|Battle timer is ON: inactive players will automatically lose when time's up. (requested by ScribbleScribble)\n|j| sgrace\n|\n|t:|1774316495\n|teamsize|p1|4\n|teamsize|p2|4\n|start\n|switch|p1a: Calyrex|Calyrex-Shadow, L50|100/100\n|switch|p1b: Zamazenta|Zamazenta-Crowned, L50|100/100\n|switch|p2a: Tornadus|Tornadus, L50, M|100/100\n|switch|p2b: Landorus|Landorus, L50, M|100/100\n|-ability|p1a: Calyrex|As One\n|-ability|p1a: Calyrex|Unnerve\n|-ability|p1b: Zamazenta|Dauntless Shield|boost\n|-boost|p1b: Zamazenta|def|1\n|turn|1\n|inactive|Aragon121_ has 30 seconds left.\n|\n|t:|1774316521\n|-terastallize|p1b: Zamazenta|Ground\n|move|p2a: Tornadus|Taunt|p1b: Zamazenta\n|-start|p1b: Zamazenta|move: Taunt\n|move|p1a: Calyrex|Astral Barrage|p2a: Tornadus|[spread] p2a,p2b\n|-damage|p2a: Tornadus|20/100\n|-damage|p2b: Landorus|38/100\n|move|p1b: Zamazenta|Behemoth Bash|p2a: Tornadus\n|-damage|p2a: Tornadus|0 fnt\n|faint|p2a: Tornadus\n|move|p2b: Landorus|Earth Power|p1a: Calyrex\n|-damage|p1a: Calyrex|29/100\n|\n|upkeep\n|\n|t:|1774316525\n|switch|p2a: Indeedee|Indeedee-F, L50, F, shiny|100/100\n|-fieldstart|move: Psychic Terrain|[from] ability: Psychic Surge|[of] p2a: Indeedee\n|-enditem|p2a: Indeedee|Psychic Seed\n|-boost|p2a: Indeedee|spd|1|[from] item: Psychic Seed\n|turn|2\n|\n|t:|1774316541\n|move|p2b: Landorus|Protect|p2b: Landorus\n|-singleturn|p2b: Landorus|Protect\n|move|p1a: Calyrex|Astral Barrage|p2a: Indeedee|[spread] \n|-activate|p2b: Landorus|move: Protect\n|-immune|p2a: Indeedee\n|move|p1b: Zamazenta|Body Press|p2a: Indeedee\n|-damage|p2a: Indeedee|26/100\n|move|p2a: Indeedee|Trick Room|p2a: Indeedee\n|-fieldstart|move: Trick Room|[of] p2a: Indeedee\n|\n|upkeep\n|turn|3\n|\n|t:|1774316555\n|move|p2a: Indeedee|Follow Me|p2a: Indeedee\n|-singleturn|p2a: Indeedee|move: Follow Me\n|move|p2b: Landorus|Earth Power|p1a: Calyrex\n|-damage|p1a: Calyrex|0 fnt\n|faint|p1a: Calyrex\n|move|p1b: Zamazenta|Body Press|p2a: Indeedee\n|-damage|p2a: Indeedee|0 fnt\n|faint|p2a: Indeedee\n|\n|-end|p1b: Zamazenta|move: Taunt\n|upkeep\n|\n|t:|1774316559\n|switch|p2a: Kyogre|Kyogre, L50|100/100\n|switch|p1a: Clefairy|Clefairy, L50, M|100/100\n|-weather|RainDance|[from] ability: Drizzle|[of] p2a: Kyogre\n|turn|4\n|\n|t:|1774316579\n|-terastallize|p2b: Landorus|Poison\n|move|p1a: Clefairy|After You|p1b: Zamazenta\n|-activate|p1b: Zamazenta|move: After You\n|move|p1b: Zamazenta|Behemoth Bash|p2a: Kyogre\n|-resisted|p2a: Kyogre\n|-damage|p2a: Kyogre|80/100\n|move|p2b: Landorus|Sludge Bomb|p1a: Clefairy\n|-supereffective|p1a: Clefairy\n|-damage|p1a: Clefairy|0 fnt\n|faint|p1a: Clefairy\n|move|p2a: Kyogre|Hydro Pump|p1b: Zamazenta\n|-supereffective|p1b: Zamazenta\n|-damage|p1b: Zamazenta|0 fnt\n|faint|p1b: Zamazenta\n|\n|-weather|RainDance|[upkeep]\n|upkeep\n|\n|t:|1774316591\n|switch|p1b: Ogerpon|Ogerpon-Hearthflame, L50, F|100/100\n|-ability|p1b: Ogerpon|Mold Breaker\n|turn|5\n|\n|t:|1774316597\n|move|p2b: Landorus|Sludge Bomb|p1b: Ogerpon\n|-supereffective|p1b: Ogerpon\n|-damage|p1b: Ogerpon|0 fnt\n|faint|p1b: Ogerpon\n|\n|win|ScribbleScribble\n|c|\u2606Aragon121_|gg\n|c|\u2606ScribbleScribble|gg\n|l|\u2606Aragon121_\n|player|p1|\n|l| sgrace\n|j| aurora ltd\n|l|\u2606ScribbleScribble\n|player|p2|\n","uploadtime":1774316761,"views":11,"formatid":"gen9vgc2026regi","rating":null,"private":0,"password":null}