{"id":"gen9vgc2026regi-2554736062","format":"[Gen 9] VGC 2026 Reg I","players":["Cello L.","kinderlew"],"log":"|j|\u2606Cello L.\n|j|\u2606kinderlew\n|t:|1773005903\n|gametype|doubles\n|player|p1|Cello L.|psychic-gen4|1473\n|player|p2|kinderlew|265|1532\n|gen|9\n|tier|[Gen 9] VGC 2026 Reg I\n|rated|\n|rule|Species Clause: Limit one of each Pok\u00e9mon\n|rule|Item Clause: Limit 1 of each item\n|clearpoke\n|poke|p1|Calyrex-Shadow, L50|\n|poke|p1|Koraidon, L50|\n|poke|p1|Regieleki, L50|\n|poke|p1|Volcarona, L50, M|\n|poke|p1|Rillaboom, L50, M|\n|poke|p1|Incineroar, L50, M|\n|poke|p2|Calyrex-Shadow, L50|\n|poke|p2|Smeargle, L50, F|\n|poke|p2|Koraidon, L50|\n|poke|p2|Tornadus, L50, M|\n|poke|p2|Volcarona, L50, F|\n|poke|p2|Iron Hands, L50|\n|teampreview|4\n|\n|t:|1773005962\n|teamsize|p1|4\n|teamsize|p2|4\n|start\n|switch|p1a: Calyrex|Calyrex-Shadow, L50|100/100\n|switch|p1b: Regieleki|Regieleki, L50|100/100\n|switch|p2a: Calyrex|Calyrex-Shadow, L50|100/100\n|switch|p2b: Smeargle|Smeargle, L50, F|100/100\n|-ability|p1a: Calyrex|As One\n|-ability|p1a: Calyrex|Unnerve\n|-ability|p2a: Calyrex|As One\n|-ability|p2a: Calyrex|Unnerve\n|turn|1\n|\n|t:|1773005979\n|-terastallize|p1a: Calyrex|Dark\n|move|p2b: Smeargle|Wide Guard|p2b: Smeargle\n|-singleturn|p2b: Smeargle|Wide Guard\n|move|p1b: Regieleki|Thunderbolt|p2b: Smeargle\n|-enditem|p2b: Smeargle|Focus Sash\n|-damage|p2b: Smeargle|1/100\n|move|p1a: Calyrex|Psychic|p2b: Smeargle\n|-damage|p2b: Smeargle|0 fnt\n|faint|p2b: Smeargle\n|-ability|p1a: Calyrex|Grim Neigh|boost\n|-boost|p1a: Calyrex|spa|1\n|-damage|p1a: Calyrex|91/100|[from] item: Life Orb\n|move|p2a: Calyrex|Astral Barrage|p1b: Regieleki|[spread] p1a,p1b\n|-resisted|p1a: Calyrex\n|-damage|p1a: Calyrex|53/100\n|-enditem|p1b: Regieleki|Focus Sash\n|-damage|p1b: Regieleki|1/100\n|\n|upkeep\n|\n|t:|1773006008\n|switch|p2b: Tornadus|Tornadus, L50, M|100/100\n|turn|2\n|\n|t:|1773006018\n|-terastallize|p2a: Calyrex|Ghost\n|move|p2b: Tornadus|Tailwind|p2b: Tornadus\n|-sidestart|p2: kinderlew|move: Tailwind\n|move|p2a: Calyrex|Astral Barrage|p1b: Regieleki|[spread] p1a,p1b\n|-resisted|p1a: Calyrex\n|-damage|p1a: Calyrex|3/100\n|-damage|p1b: Regieleki|0 fnt\n|faint|p1b: Regieleki\n|-ability|p2a: Calyrex|Grim Neigh|boost\n|-boost|p2a: Calyrex|spa|1\n|move|p1a: Calyrex|Astral Barrage|p2a: Calyrex|[spread] p2a,p2b\n|-supereffective|p2a: Calyrex\n|-damage|p2a: Calyrex|0 fnt\n|-damage|p2b: Tornadus|6/100\n|faint|p2a: Calyrex\n|-ability|p1a: Calyrex|Grim Neigh|boost\n|-boost|p1a: Calyrex|spa|1\n|-damage|p1a: Calyrex|0 fnt|[from] item: Life Orb\n|faint|p1a: Calyrex\n|\n|upkeep\n|\n|t:|1773006036\n|switch|p1b: Rillaboom|Rillaboom, L50, M|100/100\n|switch|p1a: Koraidon|Koraidon, L50|100/100\n|switch|p2a: Iron Hands|Iron Hands, L50|100/100\n|-weather|SunnyDay|[from] ability: Orichalcum Pulse|[of] p1a: Koraidon\n|-activate|p1a: Koraidon|Orichalcum Pulse|[source]\n|-fieldstart|move: Grassy Terrain|[from] ability: Grassy Surge|[of] p1b: Rillaboom\n|turn|3\n|\n|t:|1773006048\n|move|p1a: Koraidon|Protect|p1a: Koraidon\n|-singleturn|p1a: Koraidon|Protect\n|move|p2a: Iron Hands|Fake Out|p1a: Koraidon\n|-activate|p1a: Koraidon|move: Protect\n|move|p2b: Tornadus|Rain Dance|p2b: Tornadus\n|-weather|RainDance\n|move|p1b: Rillaboom|Grassy Glide|p2b: Tornadus\n|-resisted|p2b: Tornadus\n|-damage|p2b: Tornadus|0 fnt\n|faint|p2b: Tornadus\n|\n|-weather|RainDance|[upkeep]\n|upkeep\n|turn|4\n|-message|kinderlew forfeited.\n|\n|win|Cello L.\n|raw|Cello L.'s rating: 1473 &rarr; <strong>1496</strong><br />(+23 for winning)\n|raw|kinderlew's rating: 1532 &rarr; <strong>1509</strong><br />(-23 for losing)\n|l|\u2606kinderlew\n|player|p2|\n","uploadtime":1773006060,"views":20,"formatid":"gen9vgc2026regi","rating":1496,"private":0,"password":null}