{"id":"gen9vgc2026regi-2546978695","format":"[Gen 9] VGC 2026 Reg I","players":["darkwolf_044","jepeg"],"log":"|j|\u2606darkwolf_044\n|j|\u2606jepeg\n|t:|1772035489\n|gametype|doubles\n|player|p1|darkwolf_044|ghetsis-gen5bw|1110\n|player|p2|jepeg|beauty-gen4dp|1086\n|gen|9\n|tier|[Gen 9] VGC 2026 Reg I\n|rated|\n|rule|Species Clause: Limit one of each Pok\u00e9mon\n|rule|Item Clause: Limit 1 of each item\n|clearpoke\n|poke|p1|Volbeat, L50, M|\n|poke|p1|Kyurem-Black, L50|\n|poke|p1|Zamazenta-*, L50|\n|poke|p1|Electrode-Hisui, L50|\n|poke|p1|Mudsdale, L50, M|\n|poke|p1|Moltres-Galar, L50|\n|poke|p2|Calyrex-Shadow, L50|\n|poke|p2|Oranguru, L50, F|\n|poke|p2|Miraidon, L50|\n|poke|p2|Ogerpon-Hearthflame, L50, F|\n|poke|p2|Bruxish, L50, F|\n|poke|p2|Torkoal, L50, F|\n|teampreview|4\n|\n|t:|1772035507\n|teamsize|p1|4\n|teamsize|p2|4\n|start\n|switch|p1a: Electrode|Electrode-Hisui, L50|100/100\n|switch|p1b: Mudsdale|Mudsdale, L50, M|100/100\n|switch|p2a: Calyrex|Calyrex-Shadow, L50|100/100\n|switch|p2b: Oranguru|Oranguru, L50, F, shiny|100/100\n|-ability|p2a: Calyrex|As One\n|-ability|p2a: Calyrex|Unnerve\n|turn|1\n|\n|t:|1772035526\n|move|p1a: Electrode|Electroweb|p2b: Oranguru|[spread] p2a,p2b\n|-crit|p2b: Oranguru\n|-damage|p2a: Calyrex|88/100\n|-damage|p2b: Oranguru|85/100\n|-unboost|p2a: Calyrex|spe|1\n|-unboost|p2b: Oranguru|spe|1\n|move|p2a: Calyrex|Astral Barrage|p1b: Mudsdale|[spread] p1a,p1b\n|-crit|p1b: Mudsdale\n|-damage|p1a: Electrode|32/100\n|-damage|p1b: Mudsdale|45/100\n|-ability|p1b: Mudsdale|Stamina|boost\n|-boost|p1b: Mudsdale|def|1\n|move|p1b: Mudsdale|High Horsepower|p2a: Calyrex\n|-damage|p2a: Calyrex|22/100\n|move|p2b: Oranguru|Trick Room|p2b: Oranguru\n|-fieldstart|move: Trick Room|[of] p2b: Oranguru\n|\n|upkeep\n|turn|2\n|\n|t:|1772035551\n|move|p2b: Oranguru|Instruct|p2a: Calyrex\n|-singleturn|p2a: Calyrex|move: Instruct|[of] p2b: Oranguru\n|move|p2a: Calyrex|Astral Barrage|p1a: Electrode|[spread] p1a,p1b\n|-damage|p1a: Electrode|0 fnt\n|-damage|p1b: Mudsdale|7/100\n|-ability|p1b: Mudsdale|Stamina|boost\n|-boost|p1b: Mudsdale|def|1\n|faint|p1a: Electrode\n|-ability|p2a: Calyrex|Grim Neigh|boost\n|-boost|p2a: Calyrex|spa|1\n|move|p1b: Mudsdale|High Horsepower|p2a: Calyrex\n|-damage|p2a: Calyrex|0 fnt\n|faint|p2a: Calyrex\n|\n|upkeep\n|\n|t:|1772035565\n|switch|p2a: Torkoal|Torkoal, L50, F|100/100\n|switch|p1a: Volbeat|Volbeat, L50, M, shiny|100/100\n|-weather|SunnyDay|[from] ability: Drought|[of] p2a: Torkoal\n|turn|3\n|\n|t:|1772035584\n|switch|p2b: Bruxish|Bruxish, L50, F, shiny|100/100\n|-terastallize|p2a: Torkoal|Fire\n|move|p1a: Volbeat|Thunder Wave||[still]\n|cant|p2b: Bruxish|ability: Dazzling|Thunder Wave|[of] p1a: Volbeat\n|move|p2a: Torkoal|Eruption|p1b: Mudsdale|[spread] p1a,p1b\n|-supereffective|p1a: Volbeat\n|-damage|p1a: Volbeat|0 fnt\n|-damage|p1b: Mudsdale|0 fnt\n|faint|p1a: Volbeat\n|faint|p1b: Mudsdale\n|\n|-weather|SunnyDay|[upkeep]\n|upkeep\n|\n|t:|1772035591\n|switch|p1b: Moltres|Moltres-Galar, L50|100/100\n|turn|4\n|\n|t:|1772035622\n|-terastallize|p1b: Moltres|Dark\n|move|p2a: Torkoal|Eruption|p1b: Moltres\n|-damage|p1b: Moltres|0 fnt\n|faint|p1b: Moltres\n|\n|win|jepeg\n|raw|darkwolf_044's rating: 1110 &rarr; <strong>1083</strong><br />(-27 for losing)\n|raw|jepeg's rating: 1086 &rarr; <strong>1115</strong><br />(+29 for winning)\n|l|\u2606jepeg\n|player|p2|\n","uploadtime":1772035843,"views":12,"formatid":"gen9vgc2026regi","rating":1083,"private":0,"password":null}