{"id":"gen9vgc2026regi-2568816683","format":"[Gen 9] VGC 2026 Reg I","players":["bro is not washed","itastelikeiron"],"log":"|j|\u2606bro is not washed\n|j|\u2606itastelikeiron\n|t:|1774625277\n|gametype|doubles\n|player|p1|bro is not washed|giovanni|1493\n|player|p2|itastelikeiron|infielder|1470\n|gen|9\n|tier|[Gen 9] VGC 2026 Reg I\n|rated|\n|rule|Species Clause: Limit one of each Pok\u00e9mon\n|rule|Item Clause: Limit 1 of each item\n|clearpoke\n|poke|p1|Calyrex-Shadow, L50|\n|poke|p1|Miraidon, L50|\n|poke|p1|Incineroar, L50, F|\n|poke|p1|Sneasler, L50, M|\n|poke|p1|Araquanid, L50, F|\n|poke|p1|Whimsicott, L50, M|\n|poke|p2|Zamazenta-*, L50|\n|poke|p2|Maushold, L50|\n|poke|p2|Roaring Moon, L50|\n|poke|p2|Kyogre, L50|\n|poke|p2|Chien-Pao, L50|\n|poke|p2|Farigiraf, L50, F|\n|teampreview|4\n|inactive|Battle timer is ON: inactive players will automatically lose when time's up. (requested by bro is not washed)\n|inactive|bro is not washed has 60 seconds left.\n|inactive|itastelikeiron has 60 seconds left.\n|\n|t:|1774625320\n|teamsize|p1|4\n|teamsize|p2|4\n|start\n|switch|p1a: Sneasler|Sneasler, L50, M|100/100\n|switch|p1b: Miraidon|Miraidon, L50|100/100\n|switch|p2a: Kyogre|Kyogre, L50|100/100\n|switch|p2b: Maushold|Maushold, L50|100/100\n|-fieldstart|move: Electric Terrain|[from] ability: Hadron Engine|[of] p1b: Miraidon\n|-enditem|p1a: Sneasler|Electric Seed\n|-boost|p1a: Sneasler|def|1|[from] item: Electric Seed\n|-weather|RainDance|[from] ability: Drizzle|[of] p2a: Kyogre\n|turn|1\n|\n|t:|1774625334\n|move|p1a: Sneasler|Fake Out|p2a: Kyogre\n|-crit|p2a: Kyogre\n|-damage|p2a: Kyogre|80/100\n|move|p2b: Maushold|Follow Me|p2b: Maushold\n|-singleturn|p2b: Maushold|move: Follow Me\n|move|p1b: Miraidon|Electro Drift|p2b: Maushold\n|-enditem|p2b: Maushold|Focus Sash\n|-damage|p2b: Maushold|1/100\n|cant|p2a: Kyogre|flinch\n|\n|-weather|RainDance|[upkeep]\n|upkeep\n|turn|2\n|\n|t:|1774625347\n|move|p2b: Maushold|Follow Me|p2b: Maushold\n|-singleturn|p2b: Maushold|move: Follow Me\n|move|p1a: Sneasler|Dire Claw|p2b: Maushold\n|-damage|p2b: Maushold|0 fnt\n|faint|p2b: Maushold\n|move|p1b: Miraidon|Electro Drift|p2a: Kyogre\n|-supereffective|p2a: Kyogre\n|-damage|p2a: Kyogre|0 fnt\n|faint|p2a: Kyogre\n|\n|-weather|RainDance|[upkeep]\n|upkeep\n|-message|itastelikeiron forfeited.\n|\n|win|bro is not washed\n|raw|bro is not washed's rating: 1493 &rarr; <strong>1512</strong><br />(+19 for winning)\n|raw|itastelikeiron's rating: 1470 &rarr; <strong>1451</strong><br />(-19 for losing)\n|l|\u2606itastelikeiron\n|player|p2|\n|l|\u2606bro is not washed\n|player|p1|\n","uploadtime":1774625558,"views":15,"formatid":"gen9vgc2026regi","rating":1451,"private":0,"password":null}