{"id":"gen9vgc2026regi-2574969904","format":"[Gen 9] VGC 2026 Reg I","players":["testhan92","zhanlinxie1"],"log":"|j|\u2606testhan92\n|j|\u2606zhanlinxie1\n|t:|1775304195\n|gametype|doubles\n|player|p1|testhan92|101|1310\n|player|p2|zhanlinxie1|265|1370\n|gen|9\n|tier|[Gen 9] VGC 2026 Reg I\n|rated|\n|rule|Species Clause: Limit one of each Pok\u00e9mon\n|rule|Item Clause: Limit 1 of each item\n|clearpoke\n|poke|p1|Koraidon, L50|\n|poke|p1|Terapagos, L50, M|\n|poke|p1|Amoonguss, L50, M|\n|poke|p1|Incineroar, L50, F|\n|poke|p1|Raging Bolt, L50|\n|poke|p1|Flutter Mane, L50|\n|poke|p2|Calyrex-Shadow, L50|\n|poke|p2|Zamazenta-*, L50|\n|poke|p2|Chien-Pao, L50|\n|poke|p2|Raging Bolt, L50|\n|poke|p2|Amoonguss, L50, F|\n|poke|p2|Rillaboom, L50, F|\n|teampreview|4\n|\n|t:|1775304232\n|teamsize|p1|4\n|teamsize|p2|4\n|start\n|switch|p1a: Koraidon|Koraidon, L50|100/100\n|switch|p1b: Flutter Mane|Flutter Mane, L50|100/100\n|switch|p2a: Zamazenta|Zamazenta-Crowned, L50|100/100\n|switch|p2b: Chien-Pao|Chien-Pao, L50|100/100\n|-ability|p2b: Chien-Pao|Sword of Ruin\n|-weather|SunnyDay|[from] ability: Orichalcum Pulse|[of] p1a: Koraidon\n|-activate|p1b: Flutter Mane|ability: Protosynthesis\n|-start|p1b: Flutter Mane|protosynthesisspe\n|-activate|p1a: Koraidon|Orichalcum Pulse|[source]\n|-ability|p2a: Zamazenta|Dauntless Shield|boost\n|-boost|p2a: Zamazenta|def|1\n|turn|1\n|j| thundersnd77\n|inactive|Battle timer is ON: inactive players will automatically lose when time's up. (requested by testhan92)\n|\n|t:|1775304265\n|switch|p2b: Raging Bolt|Raging Bolt, L50|100/100\n|-activate|p2b: Raging Bolt|ability: Protosynthesis\n|-start|p2b: Raging Bolt|protosynthesisspa\n|-terastallize|p2a: Zamazenta|Ghost\n|move|p1b: Flutter Mane|Icy Wind|p2b: Raging Bolt|[spread] p2a\n|-miss|p1b: Flutter Mane|p2b: Raging Bolt\n|-damage|p2a: Zamazenta|90/100\n|-unboost|p2a: Zamazenta|spe|1\n|move|p1a: Koraidon|Low Kick|p2a: Zamazenta\n|-immune|p2a: Zamazenta\n|move|p2a: Zamazenta|Heavy Slam|p1b: Flutter Mane\n|-supereffective|p1b: Flutter Mane\n|-enditem|p1b: Flutter Mane|Focus Sash\n|-damage|p1b: Flutter Mane|1/100\n|\n|-weather|SunnyDay|[upkeep]\n|upkeep\n|turn|2\n|inactive|zhanlinxie1 has 30 seconds left.\n|\n|t:|1775304295\n|-end|p1b: Flutter Mane|Protosynthesis|[silent]\n|switch|p1b: Raging Bolt|Raging Bolt, L50|100/100\n|-activate|p1b: Raging Bolt|ability: Protosynthesis\n|-start|p1b: Raging Bolt|protosynthesisspa\n|move|p2b: Raging Bolt|Thunderclap||[still]\n|-fail|p2b: Raging Bolt\n|move|p1a: Koraidon|Low Kick|p2b: Raging Bolt\n|-damage|p2b: Raging Bolt|31/100\n|move|p2a: Zamazenta|Body Press|p1a: Koraidon\n|-damage|p1a: Koraidon|45/100\n|\n|-weather|SunnyDay|[upkeep]\n|upkeep\n|turn|3\n|inactive|testhan92 has 30 seconds left.\n|\n|t:|1775304320\n|move|p1a: Koraidon|Low Kick|p2b: Raging Bolt\n|-damage|p2b: Raging Bolt|0 fnt\n|faint|p2b: Raging Bolt\n|-end|p2b: Raging Bolt|Protosynthesis|[silent]\n|move|p2a: Zamazenta|Body Press|p1a: Koraidon\n|-damage|p1a: Koraidon|0 fnt\n|faint|p1a: Koraidon\n|move|p1b: Raging Bolt|Thunderbolt|p2a: Zamazenta\n|-damage|p2a: Zamazenta|38/100\n|\n|-weather|SunnyDay|[upkeep]\n|upkeep\n|\n|t:|1775304341\n|switch|p1a: Terapagos|Terapagos, L50, M|100/100\n|switch|p2b: Chien-Pao|Chien-Pao, L50|100/100\n|-activate|p1a: Terapagos|ability: Tera Shift\n|detailschange|p1a: Terapagos|Terapagos-Terastal, L50, M\n|-heal|p1a: Terapagos|100/100|[silent]\n|-ability|p2b: Chien-Pao|Sword of Ruin\n|turn|4\n|\n|t:|1775304364\n|move|p2b: Chien-Pao|Crunch|p1a: Terapagos\n|-activate|p1a: Terapagos|ability: Tera Shell\n|-resisted|p1a: Terapagos\n|-damage|p1a: Terapagos|69/100\n|-unboost|p1a: Terapagos|def|1\n|-damage|p2b: Chien-Pao|91/100|[from] item: Life Orb\n|move|p1a: Terapagos|Meteor Beam||[still]\n|-prepare|p1a: Terapagos|Meteor Beam\n|-boost|p1a: Terapagos|spa|1\n|-enditem|p1a: Terapagos|Power Herb\n|-anim|p1a: Terapagos|Meteor Beam|p2a: Zamazenta\n|-damage|p2a: Zamazenta|0 fnt\n|faint|p2a: Zamazenta\n|move|p1b: Raging Bolt|Thunderbolt|p2b: Chien-Pao\n|-damage|p2b: Chien-Pao|0 fnt\n|faint|p2b: Chien-Pao\n|\n|-weather|SunnyDay|[upkeep]\n|upkeep\n|-message|zhanlinxie1 forfeited.\n|\n|win|testhan92\n|raw|testhan92's rating: 1310 &rarr; <strong>1333</strong><br />(+23 for winning)\n|raw|zhanlinxie1's rating: 1370 &rarr; <strong>1347</strong><br />(-23 for losing)\n","uploadtime":1775304380,"views":13,"formatid":"gen9vgc2026regi","rating":1333,"private":0,"password":null}