{"id":"gen9vgc2026regi-2548348264","format":"[Gen 9] VGC 2026 Reg I","players":["Schimmli","tdea"],"log":"|j|\u2606Schimmli\n|j|\u2606tdea\n|t:|1772206067\n|gametype|doubles\n|player|p1|Schimmli|265|1489\n|player|p2|tdea|veteran|1436\n|gen|9\n|tier|[Gen 9] VGC 2026 Reg I\n|rated|\n|rule|Species Clause: Limit one of each Pok\u00e9mon\n|rule|Item Clause: Limit 1 of each item\n|clearpoke\n|poke|p1|Terapagos, L50, M|\n|poke|p1|Calyrex-Shadow, L50|\n|poke|p1|Flutter Mane, L50|\n|poke|p1|Ogerpon-Cornerstone, L50, F|\n|poke|p1|Incineroar, L50, M|\n|poke|p1|Rillaboom, L50, M|\n|poke|p2|Grimmsnarl, L50, M|\n|poke|p2|Terapagos, L50, M|\n|poke|p2|Rillaboom, L50, M|\n|poke|p2|Incineroar, L50, M|\n|poke|p2|Zamazenta-*, L50|\n|poke|p2|Scream Tail, L50|\n|teampreview|4\n|inactive|Battle timer is ON: inactive players will automatically lose when time's up. (requested by tdea)\n|inactive|Schimmli has 60 seconds left.\n|inactive|tdea has 60 seconds left.\n|\n|t:|1772206111\n|teamsize|p1|4\n|teamsize|p2|4\n|start\n|switch|p1a: Terapagos|Terapagos, L50, M|100/100\n|switch|p1b: Calyrex|Calyrex-Shadow, L50|100/100\n|switch|p2a: Grimmsnarl|Grimmsnarl, L50, M|100/100\n|switch|p2b: Terapagos|Terapagos, L50, M|100/100\n|-activate|p2b: Terapagos|ability: Tera Shift\n|detailschange|p2b: Terapagos|Terapagos-Terastal, L50, M\n|-heal|p2b: Terapagos|100/100|[silent]\n|-activate|p1a: Terapagos|ability: Tera Shift\n|detailschange|p1a: Terapagos|Terapagos-Terastal, L50, M\n|-heal|p1a: Terapagos|100/100|[silent]\n|-ability|p1b: Calyrex|As One\n|-ability|p1b: Calyrex|Unnerve\n|turn|1\n|\n|t:|1772206130\n|move|p2a: Grimmsnarl|Thunder Wave|p1b: Calyrex\n|-status|p1b: Calyrex|par\n|move|p2b: Terapagos|Calm Mind|p2b: Terapagos\n|-boost|p2b: Terapagos|spa|1\n|-boost|p2b: Terapagos|spd|1\n|move|p1a: Terapagos|Calm Mind|p1a: Terapagos\n|-boost|p1a: Terapagos|spa|1\n|-boost|p1a: Terapagos|spd|1\n|move|p1b: Calyrex|Will-O-Wisp|p2b: Terapagos|[miss]\n|-miss|p1b: Calyrex|p2b: Terapagos\n|\n|upkeep\n|turn|2\n|\n|t:|1772206145\n|switch|p1b: Incineroar|Incineroar, L50, M, shiny|100/100\n|-ability|p1b: Incineroar|Intimidate|boost\n|-unboost|p2a: Grimmsnarl|atk|1\n|-unboost|p2b: Terapagos|atk|1\n|move|p2a: Grimmsnarl|Thunder Wave|p1a: Terapagos\n|-status|p1a: Terapagos|par\n|move|p2b: Terapagos|Calm Mind|p2b: Terapagos\n|-boost|p2b: Terapagos|spa|1\n|-boost|p2b: Terapagos|spd|1\n|move|p1a: Terapagos|Calm Mind|p1a: Terapagos\n|-boost|p1a: Terapagos|spa|1\n|-boost|p1a: Terapagos|spd|1\n|\n|upkeep\n|turn|3\n|\n|t:|1772206162\n|move|p1b: Incineroar|Fake Out|p2a: Grimmsnarl\n|-damage|p2a: Grimmsnarl|90/100\n|cant|p2a: Grimmsnarl|flinch\n|move|p2b: Terapagos|Tera Starstorm|p1b: Incineroar\n|-damage|p1b: Incineroar|13/100\n|cant|p1a: Terapagos|par\n|\n|upkeep\n|turn|4\n|\n|t:|1772206178\n|move|p2a: Grimmsnarl|Light Screen|p2a: Grimmsnarl\n|-sidestart|p2: tdea|move: Light Screen\n|move|p2b: Terapagos|Earth Power|p1b: Incineroar\n|-supereffective|p1b: Incineroar\n|-damage|p1b: Incineroar|0 fnt\n|faint|p1b: Incineroar\n|cant|p1a: Terapagos|par\n|\n|upkeep\n|-message|Schimmli forfeited.\n|\n|win|tdea\n|raw|Schimmli's rating: 1489 &rarr; <strong>1466</strong><br />(-23 for losing)\n|raw|tdea's rating: 1436 &rarr; <strong>1459</strong><br />(+23 for winning)\n|l|\u2606Schimmli\n|player|p1|\n|l|\u2606tdea\n|player|p2|\n","uploadtime":1772206405,"views":24,"formatid":"gen9vgc2026regi","rating":1459,"private":0,"password":null}