{"id":"gen9vgc2026regi-2582184983","format":"[Gen 9] VGC 2026 Reg I","players":["Rogersayyouare2486","magoromon"],"log":"|j|\u2606Rogersayyouare2486\n|j|\u2606magoromon\n|t:|1776068706\n|gametype|doubles\n|player|p1|Rogersayyouare2486|265|1348\n|player|p2|magoromon|lance|1578\n|gen|9\n|tier|[Gen 9] VGC 2026 Reg I\n|rated|\n|rule|Species Clause: Limit one of each Pok\u00e9mon\n|rule|Item Clause: Limit 1 of each item\n|clearpoke\n|poke|p1|Calyrex-Ice, L50|\n|poke|p1|Kyogre, L50|\n|poke|p1|Hatterene, L50, F|\n|poke|p1|Urshifu-*, L50, F|\n|poke|p1|Amoonguss, L50, M|\n|poke|p1|Indeedee-F, L50, F|\n|poke|p2|Kyogre, L50|\n|poke|p2|Calyrex-Ice, L50|\n|poke|p2|Rillaboom, L50, M|\n|poke|p2|Amoonguss, L50, M|\n|poke|p2|Urshifu-*, L50, F|\n|poke|p2|Flutter Mane, L50|\n|teampreview|4\n|inactive|Battle timer is ON: inactive players will automatically lose when time's up. (requested by Rogersayyouare2486)\n|inactive|Rogersayyouare2486 has 60 seconds left.\n|inactive|magoromon has 60 seconds left.\n|\n|t:|1776068743\n|teamsize|p1|4\n|teamsize|p2|4\n|start\n|switch|p1a: Calyrex|Calyrex-Ice, L50|100/100\n|switch|p1b: Urshifu|Urshifu, L50, F|100/100\n|switch|p2a: Kyogre|Kyogre, L50|100/100\n|switch|p2b: Calyrex|Calyrex-Ice, L50|100/100\n|-ability|p2b: Calyrex|As One\n|-ability|p2b: Calyrex|Unnerve\n|-ability|p1a: Calyrex|As One\n|-ability|p1a: Calyrex|Unnerve\n|-weather|RainDance|[from] ability: Drizzle|[of] p2a: Kyogre\n|turn|1\n|inactive|Rogersayyouare2486 has 30 seconds left.\n|inactive|magoromon has 30 seconds left.\n|\n|t:|1776068776\n|-terastallize|p2b: Calyrex|Fairy\n|move|p1a: Calyrex|Protect|p1a: Calyrex\n|-singleturn|p1a: Calyrex|Protect\n|move|p2a: Kyogre|Origin Pulse|p1a: Calyrex|[spread] p1b\n|-activate|p1a: Calyrex|move: Protect\n|-damage|p1b: Urshifu|0 fnt\n|faint|p1b: Urshifu\n|move|p2b: Calyrex|Leech Seed|p1a: Calyrex\n|-activate|p1a: Calyrex|move: Protect\n|\n|-weather|RainDance|[upkeep]\n|upkeep\n|\n|t:|1776068793\n|switch|p1b: Indeedee|Indeedee-F, L50, F|100/100\n|-fieldstart|move: Psychic Terrain|[from] ability: Psychic Surge|[of] p1b: Indeedee\n|turn|2\n|\n|t:|1776068815\n|move|p1b: Indeedee|Follow Me|p1b: Indeedee\n|-singleturn|p1b: Indeedee|move: Follow Me\n|move|p2a: Kyogre|Water Spout|p1a: Calyrex|[spread] p1a,p1b\n|-crit|p1a: Calyrex\n|-damage|p1a: Calyrex|0 fnt\n|-damage|p1b: Indeedee|0 fnt\n|faint|p1a: Calyrex\n|faint|p1b: Indeedee\n|move|p2b: Calyrex|Leech Seed|p1: Calyrex|[notarget]\n|-fail|p2b: Calyrex\n|\n|-weather|RainDance|[upkeep]\n|upkeep\n|\n|t:|1776068823\n|switch|p1a: Hatterene|Hatterene, L50, F|100/100\n|turn|3\n|-message|Rogersayyouare2486 forfeited.\n|\n|win|magoromon\n|raw|Rogersayyouare2486's rating: 1348 &rarr; <strong>1340</strong><br />(-8 for losing)\n|raw|magoromon's rating: 1578 &rarr; <strong>1586</strong><br />(+8 for winning)\n|l|\u2606Rogersayyouare2486\n|player|p1|\n|l|\u2606magoromon\n|player|p2|\n","uploadtime":1776068996,"views":10,"formatid":"gen9vgc2026regi","rating":1340,"private":0,"password":null}