{"id":"gen9vgc2026regi-2537612502","format":"[Gen 9] VGC 2026 Reg I","players":["GTPHast","Luca8"],"log":"|j|\u2606GTPHast\n|j|\u2606Luca8\n|t:|1770831999\n|gametype|doubles\n|player|p1|GTPHast|fisherman-gen4|1328\n|player|p2|Luca8|flint|1321\n|gen|9\n|tier|[Gen 9] VGC 2026 Reg I\n|rated|\n|rule|Species Clause: Limit one of each Pok\u00e9mon\n|rule|Item Clause: Limit 1 of each item\n|clearpoke\n|poke|p1|Miraidon, L50|\n|poke|p1|Iron Hands, L50|\n|poke|p1|Cresselia, L50, F|\n|poke|p1|Calyrex-Ice, L50|\n|poke|p1|Ursaluna, L50, F|\n|poke|p1|Kingambit, L50, F|\n|poke|p2|Miraidon, L50|\n|poke|p2|Calyrex-Shadow, L50|\n|poke|p2|Whimsicott, L50, M|\n|poke|p2|Farigiraf, L50, F|\n|poke|p2|Incineroar, L50, M|\n|poke|p2|Urshifu-*, L50, M|\n|teampreview|4\n|inactive|Battle timer is ON: inactive players will automatically lose when time's up. (requested by GTPHast)\n|\n|t:|1770832041\n|teamsize|p1|4\n|teamsize|p2|4\n|start\n|switch|p1a: Calyrex|Calyrex-Ice, L50|100/100\n|switch|p1b: Cresselia|Cresselia, L50, F|100/100\n|switch|p2a: Incineroar|Incineroar, L50, M|100/100\n|switch|p2b: Farigiraf|Farigiraf, L50, F|100/100\n|-ability|p1a: Calyrex|As One\n|-ability|p1a: Calyrex|Unnerve\n|-ability|p2a: Incineroar|Intimidate|boost\n|-unboost|p1a: Calyrex|atk|1\n|-unboost|p1b: Cresselia|atk|1\n|turn|1\n|inactive|Luca8 has 30 seconds left.\n|\n|t:|1770832070\n|-terastallize|p1a: Calyrex|Ground\n|move|p2b: Farigiraf|Imprison|p2b: Farigiraf\n|-start|p2b: Farigiraf|move: Imprison\n|move|p2a: Incineroar|Knock Off|p1a: Calyrex\n|-damage|p1a: Calyrex|73/100\n|-enditem|p1a: Calyrex|Choice Band|[from] move: Knock Off|[of] p2a: Incineroar\n|move|p1a: Calyrex|Glacial Lance|p2b: Farigiraf|[spread] p2a,p2b\n|-resisted|p2a: Incineroar\n|-damage|p2a: Incineroar|82/100\n|-damage|p2b: Farigiraf|51/100\n|cant|p1b: Cresselia|move: Imprison|Trick Room\n|\n|upkeep\n|turn|2\n|inactive|GTPHast has 30 seconds left.\n|inactive|Luca8 has 30 seconds left.\n|inactive|GTPHast has 20 seconds left.\n|\n|t:|1770832109\n|move|p1b: Cresselia|Moonblast|p2a: Incineroar\n|-damage|p2a: Incineroar|66/100\n|move|p2b: Farigiraf|Hyper Voice|p1a: Calyrex|[spread] p1a,p1b\n|-damage|p1a: Calyrex|48/100\n|-damage|p1b: Cresselia|75/100\n|-enditem|p2b: Farigiraf|Throat Spray\n|-boost|p2b: Farigiraf|spa|1|[from] item: Throat Spray\n|move|p2a: Incineroar|Parting Shot|p1a: Calyrex\n|-unboost|p1a: Calyrex|atk|1\n|-unboost|p1a: Calyrex|spa|1\n|\n|t:|1770832121\n|switch|p2a: Calyrex|Calyrex-Shadow, L50|100/100|[from] Parting Shot\n|-ability|p2a: Calyrex|As One\n|-ability|p2a: Calyrex|Unnerve\n|move|p1a: Calyrex|Glacial Lance|p2a: Calyrex|[spread] p2a,p2b\n|-damage|p2a: Calyrex|64/100\n|-damage|p2b: Farigiraf|12/100\n|\n|upkeep\n|turn|3\n|inactive|GTPHast has 30 seconds left.\n|\n|t:|1770832146\n|switch|p1a: Miraidon|Miraidon, L50|100/100\n|-fieldstart|move: Electric Terrain|[from] ability: Hadron Engine|[of] p1a: Miraidon\n|move|p2a: Calyrex|Astral Barrage|p1b: Cresselia|[spread] p1a,p1b\n|-supereffective|p1b: Cresselia\n|-damage|p1a: Miraidon|19/100\n|-damage|p1b: Cresselia|0 fnt\n|faint|p1b: Cresselia\n|-ability|p2a: Calyrex|Grim Neigh|boost\n|-boost|p2a: Calyrex|spa|1\n|move|p2b: Farigiraf|Hyper Voice|p1a: Miraidon\n|-damage|p1a: Miraidon|0 fnt\n|faint|p1a: Miraidon\n|\n|upkeep\n|\n|t:|1770832161\n|switch|p1a: Calyrex|Calyrex-Ice, L50, tera:Ground|48/100\n|switch|p1b: Iron Hands|Iron Hands, L50|100/100\n|-ability|p1a: Calyrex|As One\n|-ability|p1a: Calyrex|Unnerve\n|-activate|p1b: Iron Hands|ability: Quark Drive\n|-start|p1b: Iron Hands|quarkdriveatk\n|turn|4\n|\n|t:|1770832181\n|move|p2a: Calyrex|Astral Barrage|p1a: Calyrex|[spread] p1a,p1b\n|-damage|p1a: Calyrex|0 fnt\n|-damage|p1b: Iron Hands|0 fnt\n|faint|p1a: Calyrex\n|faint|p1b: Iron Hands\n|-end|p1b: Iron Hands|Quark Drive|[silent]\n|\n|win|Luca8\n|raw|GTPHast's rating: 1328 &rarr; <strong>1308</strong><br />(-20 for losing)\n|raw|Luca8's rating: 1321 &rarr; <strong>1341</strong><br />(+20 for winning)\n|l|\u2606GTPHast\n|player|p1|\n|l|\u2606Luca8\n|player|p2|\n","uploadtime":1770832368,"views":11,"formatid":"gen9vgc2026regi","rating":1308,"private":0,"password":null}