{"id":"gen9vgc2026regi-2578477538","format":"[Gen 9] VGC 2026 Reg I","players":["Britakakku","FRESHmustard"],"log":"|j|\u2606Britakakku\n|j|\u2606FRESHmustard\n|t:|1775681461\n|gametype|doubles\n|player|p1|Britakakku|101|1308\n|player|p2|FRESHmustard|clair|1302\n|gen|9\n|tier|[Gen 9] VGC 2026 Reg I\n|rated|\n|rule|Species Clause: Limit one of each Pok\u00e9mon\n|rule|Item Clause: Limit 1 of each item\n|clearpoke\n|poke|p1|Miraidon, L50|\n|poke|p1|Calyrex-Ice, L50|\n|poke|p1|Incineroar, L50, F|\n|poke|p1|Urshifu-*, L50, F|\n|poke|p1|Ursaluna, L50, F|\n|poke|p1|Farigiraf, L50, F|\n|poke|p2|Lunala, L50|\n|poke|p2|Ursaluna, L50, M|\n|poke|p2|Urshifu-*, L50, M|\n|poke|p2|Miraidon, L50|\n|poke|p2|Grimmsnarl, L50, M|\n|poke|p2|Incineroar, L50, F|\n|teampreview|4\n|inactive|Battle timer is ON: inactive players will automatically lose when time's up. (requested by FRESHmustard)\n|\n|t:|1775681498\n|teamsize|p1|4\n|teamsize|p2|4\n|start\n|switch|p1a: Farigiraf|Farigiraf, L50, F|100/100\n|switch|p1b: Ursaluna|Ursaluna, L50, F|100/100\n|switch|p2a: Lunala|Lunala, L50|100/100\n|switch|p2b: Miraidon|Miraidon, L50|100/100\n|-fieldstart|move: Electric Terrain|[from] ability: Hadron Engine|[of] p2b: Miraidon\n|-enditem|p1a: Farigiraf|Electric Seed\n|-boost|p1a: Farigiraf|def|1|[from] item: Electric Seed\n|-enditem|p2a: Lunala|Electric Seed\n|-boost|p2a: Lunala|def|1|[from] item: Electric Seed\n|turn|1\n|\n|t:|1775681520\n|-terastallize|p1a: Farigiraf|Normal\n|move|p2b: Miraidon|Volt Switch|p1a: Farigiraf\n|-damage|p1a: Farigiraf|33/100\n|\n|t:|1775681525\n|switch|p2b: Urshifu|Urshifu-Rapid-Strike, L50, M|100/100|[from] Volt Switch\n|move|p1b: Ursaluna|Headlong Rush|p2b: Urshifu\n|-damage|p2b: Urshifu|35/100\n|-unboost|p1b: Ursaluna|def|1\n|-unboost|p1b: Ursaluna|spd|1\n|move|p1a: Farigiraf|Trick Room|p1a: Farigiraf\n|-fieldstart|move: Trick Room|[of] p1a: Farigiraf\n|move|p2a: Lunala|Trick Room|p2a: Lunala\n|-fieldend|move: Trick Room\n|\n|-status|p1b: Ursaluna|brn|[from] item: Flame Orb\n|upkeep\n|turn|2\n|inactive|Britakakku has 30 seconds left.\n|inactive|FRESHmustard has 30 seconds left.\n|inactive|Britakakku has 20 seconds left.\n|\n|t:|1775681563\n|switch|p1b: Calyrex|Calyrex-Ice, L50|100/100\n|-ability|p1b: Calyrex|As One\n|-ability|p1b: Calyrex|Unnerve\n|move|p2b: Urshifu|Surging Strikes|p1b: Calyrex\n|-crit|p1b: Calyrex\n|-damage|p1b: Calyrex|81/100\n|-crit|p1b: Calyrex\n|-damage|p1b: Calyrex|62/100\n|-crit|p1b: Calyrex\n|-damage|p1b: Calyrex|43/100\n|-hitcount|p1b: Calyrex|3\n|move|p1a: Farigiraf|Foul Play|p2a: Lunala\n|-supereffective|p2a: Lunala\n|-damage|p2a: Lunala|82/100\n|move|p2a: Lunala|Moonblast|p1a: Farigiraf\n|-crit|p1a: Farigiraf\n|-damage|p1a: Farigiraf|0 fnt\n|faint|p1a: Farigiraf\n|\n|-heal|p1b: Calyrex|49/100|[from] item: Leftovers\n|upkeep\n|\n|t:|1775681581\n|switch|p1a: Miraidon|Miraidon, L50|100/100\n|-activate|p1a: Miraidon|ability: Hadron Engine\n|turn|3\n|\n|t:|1775681597\n|switch|p2b: Ursaluna|Ursaluna, L50, M|100/100\n|-terastallize|p2a: Lunala|Fairy\n|move|p1b: Calyrex|Protect|p1b: Calyrex\n|-singleturn|p1b: Calyrex|Protect\n|move|p1a: Miraidon|Electro Drift|p2b: Ursaluna\n|-immune|p2b: Ursaluna\n|move|p2a: Lunala|Moonblast|p1a: Miraidon\n|-supereffective|p1a: Miraidon\n|-damage|p1a: Miraidon|0 fnt\n|faint|p1a: Miraidon\n|\n|-heal|p1b: Calyrex|55/100|[from] item: Leftovers\n|-status|p2b: Ursaluna|brn|[from] item: Flame Orb\n|upkeep\n|\n|t:|1775681603\n|switch|p1a: Ursaluna|Ursaluna, L50, F|100/100 brn\n|turn|4\n|-message|Britakakku forfeited.\n|\n|win|FRESHmustard\n|raw|Britakakku's rating: 1308 &rarr; <strong>1288</strong><br />(-20 for losing)\n|raw|FRESHmustard's rating: 1302 &rarr; <strong>1322</strong><br />(+20 for winning)\n|l|\u2606Britakakku\n|player|p1|\n|c|\u2606FRESHmustard|Im the goat\n","uploadtime":1775681755,"views":15,"formatid":"gen9vgc2026regi","rating":1288,"private":0,"password":null}