{"id":"gen9vgc2026regi-2552388945","format":"[Gen 9] VGC 2026 Reg I","players":["avarussurava","granite blast"],"log":"|j|\u2606avarussurava\n|j|\u2606granite blast\n|t:|1772716737\n|gametype|doubles\n|player|p1|avarussurava|170|1318\n|player|p2|granite blast|101|1319\n|gen|9\n|tier|[Gen 9] VGC 2026 Reg I\n|rated|\n|rule|Species Clause: Limit one of each Pok\u00e9mon\n|rule|Item Clause: Limit 1 of each item\n|clearpoke\n|poke|p1|Tyranitar, L50, F|\n|poke|p1|Kyogre, L50|\n|poke|p1|Zamazenta-*, L50|\n|poke|p1|Gastrodon, L50, F|\n|poke|p1|Sinistcha, L50|\n|poke|p1|Ceruledge, L50, F|\n|poke|p2|Calyrex-Ice, L50|\n|poke|p2|Koraidon, L50|\n|poke|p2|Incineroar, L50, M|\n|poke|p2|Ogerpon-Cornerstone, L50, F|\n|poke|p2|Flutter Mane, L50|\n|poke|p2|Ting-Lu, L50|\n|teampreview|4\n|inactive|Battle timer is ON: inactive players will automatically lose when time's up. (requested by granite blast)\n|\n|t:|1772716767\n|teamsize|p1|4\n|teamsize|p2|4\n|start\n|switch|p1a: Zamazenta|Zamazenta-Crowned, L50|100/100\n|switch|p1b: Ceruledge|Ceruledge, L50, F|100/100\n|switch|p2a: Flutter Mane|Flutter Mane, L50|100/100\n|switch|p2b: Ogerpon|Ogerpon-Cornerstone, L50, F|100/100\n|-ability|p1a: Zamazenta|Dauntless Shield|boost\n|-boost|p1a: Zamazenta|def|1\n|turn|1\n|\n|t:|1772716778\n|move|p1b: Ceruledge|Shadow Sneak|p2a: Flutter Mane\n|-supereffective|p2a: Flutter Mane\n|-enditem|p2a: Flutter Mane|Focus Sash\n|-damage|p2a: Flutter Mane|1/100\n|move|p2a: Flutter Mane|Moonblast|p1a: Zamazenta\n|-damage|p1a: Zamazenta|68/100\n|move|p2b: Ogerpon|Ivy Cudgel|p1b: Ceruledge|[anim] Ivy Cudgel Rock\n|-supereffective|p1b: Ceruledge\n|-damage|p1b: Ceruledge|0 fnt\n|faint|p1b: Ceruledge\n|move|p1a: Zamazenta|Snarl|p2a: Flutter Mane|[spread] p2a,p2b\n|-damage|p2a: Flutter Mane|0 fnt\n|-damage|p2b: Ogerpon|92/100\n|-unboost|p2b: Ogerpon|spa|1\n|faint|p2a: Flutter Mane\n|-end|p2a: Flutter Mane|Protosynthesis|[silent]\n|\n|upkeep\n|\n|t:|1772716794\n|switch|p2a: Calyrex|Calyrex-Ice, L50|100/100\n|switch|p1b: Sinistcha|Sinistcha, L50|100/100\n|-ability|p2a: Calyrex|As One\n|-ability|p2a: Calyrex|Unnerve\n|-heal|p1a: Zamazenta|93/100|[from] ability: Hospitality|[of] p1b: Sinistcha\n|turn|2\n|\n|t:|1772716807\n|move|p2b: Ogerpon|Spiky Shield|p2b: Ogerpon\n|-singleturn|p2b: Ogerpon|move: Protect\n|move|p1a: Zamazenta|Iron Defense|p1a: Zamazenta\n|-boost|p1a: Zamazenta|def|2\n|move|p1b: Sinistcha|Shadow Ball|p2a: Calyrex\n|-supereffective|p2a: Calyrex\n|-damage|p2a: Calyrex|45/100\n|-unboost|p2a: Calyrex|spd|1\n|move|p2a: Calyrex|Leech Seed|p1a: Zamazenta\n|-start|p1a: Zamazenta|move: Leech Seed\n|\n|-heal|p2a: Calyrex|51/100|[from] item: Leftovers\n|-damage|p1a: Zamazenta|81/100|[from] Leech Seed|[of] p2a: Calyrex\n|-heal|p2a: Calyrex|61/100|[silent]\n|upkeep\n|turn|3\n|\n|t:|1772716823\n|move|p2b: Ogerpon|Follow Me|p2b: Ogerpon\n|-singleturn|p2b: Ogerpon|move: Follow Me\n|move|p1a: Zamazenta|Body Press|p2b: Ogerpon\n|-supereffective|p2b: Ogerpon\n|-damage|p2b: Ogerpon|0 fnt\n|faint|p2b: Ogerpon\n|move|p1b: Sinistcha|Shadow Ball|p2a: Calyrex\n|-supereffective|p2a: Calyrex\n|-damage|p2a: Calyrex|0 fnt\n|faint|p2a: Calyrex\n|\n|upkeep\n|-message|granite blast forfeited.\n|\n|win|avarussurava\n|raw|avarussurava's rating: 1318 &rarr; <strong>1338</strong><br />(+20 for winning)\n|raw|granite blast's rating: 1319 &rarr; <strong>1299</strong><br />(-20 for losing)\n|l|\u2606granite blast\n|player|p2|\n","uploadtime":1772716834,"views":12,"formatid":"gen9vgc2026regi","rating":1299,"private":0,"password":null}