{"id":"gen9vgc2026regi-2568659323","format":"[Gen 9] VGC 2026 Reg I","players":["fwoompie","Highkage2"],"log":"|j|\u2606fwoompie\n|j|\u203dHighkage2\n|t:|1774610923\n|gametype|doubles\n|player|p1|fwoompie|hiker-gen4|1440\n|player|p2|Highkage2|doubleteam|1583\n|gen|9\n|tier|[Gen 9] VGC 2026 Reg I\n|rated|\n|rule|Species Clause: Limit one of each Pok\u00e9mon\n|rule|Item Clause: Limit 1 of each item\n|clearpoke\n|poke|p1|Eternatus, L50|\n|poke|p1|Grimmsnarl, L50, M|\n|poke|p1|Iron Hands, L50|\n|poke|p1|Flutter Mane, L50|\n|poke|p1|Chi-Yu, L50|\n|poke|p1|Terapagos, L50, M|\n|poke|p2|Incineroar, L50, F|\n|poke|p2|Calyrex-Ice, L50|\n|poke|p2|Miraidon, L50|\n|poke|p2|Iron Treads, L50|\n|poke|p2|Volcarona, L50, M|\n|poke|p2|Farigiraf, L50, F|\n|teampreview|4\n|inactive|Battle timer is ON: inactive players will automatically lose when time's up. (requested by fwoompie)\n|c|\u2606fwoompie|Good luck\n|inactive|Highkage2 has 60 seconds left.\n|\n|t:|1774610969\n|teamsize|p1|4\n|teamsize|p2|4\n|start\n|switch|p1a: Mr Deeth|Chi-Yu, L50|100/100\n|switch|p1b: TeraPoggers|Terapagos, L50, M|100/100\n|switch|p2a: Incineroar|Incineroar, L50, F|100/100\n|switch|p2b: Calyrex|Calyrex-Ice, L50|100/100\n|-activate|p1b: TeraPoggers|ability: Tera Shift\n|detailschange|p1b: TeraPoggers|Terapagos-Terastal, L50, M\n|-heal|p1b: TeraPoggers|100/100|[silent]\n|-ability|p2b: Calyrex|As One\n|-ability|p2b: Calyrex|Unnerve\n|-ability|p1a: Mr Deeth|Beads of Ruin\n|-ability|p2a: Incineroar|Intimidate|boost\n|-unboost|p1a: Mr Deeth|atk|1\n|-unboost|p1b: TeraPoggers|atk|1\n|turn|1\n|\n|t:|1774610985\n|switch|p2b: Miraidon|Miraidon, L50|100/100\n|-fieldstart|move: Electric Terrain|[from] ability: Hadron Engine|[of] p2b: Miraidon\n|-terastallize|p1b: TeraPoggers|Stellar\n|detailschange|p1b: TeraPoggers|Terapagos-Stellar, L50, M, tera:Stellar\n|-heal|p1b: TeraPoggers|100/100|[silent]\n|-ability|p1b: TeraPoggers|Teraform Zero\n|-fieldend|move: Electric Terrain\n|move|p1a: Mr Deeth|Dark Pulse|p2b: Miraidon\n|-damage|p2b: Miraidon|50/100\n|move|p1b: TeraPoggers|Tera Starstorm|p2a: Incineroar|[spread] p2a,p2b\n|-damage|p2a: Incineroar|57/100\n|-damage|p2b: Miraidon|0 fnt\n|faint|p2b: Miraidon\n|move|p2a: Incineroar|Knock Off|p1b: TeraPoggers\n|-damage|p1b: TeraPoggers|73/100\n|-enditem|p1b: TeraPoggers|Choice Specs|[from] move: Knock Off|[of] p2a: Incineroar\n|\n|upkeep\n|inactive|Highkage2 has 30 seconds left.\n|\n|t:|1774611016\n|switch|p2b: Iron Treads|Iron Treads, L50|100/100\n|turn|2\n|l|\u2606fwoompie\n|inactive|fwoompie disconnected and has a minute to reconnect!\n|player|p1|\n|\n|t:|1774611040\n|switch|p1a: High five!|Iron Hands, L50|100/100\n|move|p2b: Iron Treads|High Horsepower|p1a: High five!\n|-supereffective|p1a: High five!\n|-damage|p1a: High five!|0 fnt\n|faint|p1a: High five!\n|-end|p1a: High five!|Quark Drive|[silent]\n|move|p1b: TeraPoggers|Tera Starstorm|p2b: Iron Treads|[spread] p2a,p2b\n|-damage|p2a: Incineroar|33/100\n|-damage|p2b: Iron Treads|50/100\n|move|p2a: Incineroar|U-turn|p1b: TeraPoggers\n|-damage|p1b: TeraPoggers|61/100\n|j|\u2606fwoompie\n|inactive|fwoompie reconnected.\n|player|p1|fwoompie|hiker-gen4|\n|\n|t:|1774611053\n|switch|p2a: Calyrex|Calyrex-Ice, L50|100/100|[from] U-turn\n|-ability|p2a: Calyrex|As One\n|-ability|p2a: Calyrex|Unnerve\n|\n|upkeep\n|\n|t:|1774611057\n|switch|p1a: Mr Deeth|Chi-Yu, L50|100/100\n|-ability|p1a: Mr Deeth|Beads of Ruin\n|turn|3\n|\n|t:|1774611070\n|move|p1a: Mr Deeth|Heat Wave|p2a: Calyrex|[spread] p2a,p2b\n|-supereffective|p2a: Calyrex\n|-supereffective|p2b: Iron Treads\n|-damage|p2a: Calyrex|34/100\n|-damage|p2b: Iron Treads|0 fnt\n|faint|p2b: Iron Treads\n|-end|p2b: Iron Treads|Quark Drive|[silent]\n|move|p1b: TeraPoggers|Tera Starstorm|p2a: Calyrex\n|-damage|p2a: Calyrex|0 fnt\n|faint|p2a: Calyrex\n|\n|upkeep\n|-message|Highkage2 forfeited.\n|\n|win|fwoompie\n|raw|fwoompie's rating: 1440 &rarr; <strong>1468</strong><br />(+28 for winning)\n|raw|Highkage2's rating: 1583 &rarr; <strong>1555</strong><br />(-28 for losing)\n|l|\u203dHighkage2\n|player|p2|\n|l|\u2606fwoompie\n|player|p1|\n","uploadtime":1774611289,"views":17,"formatid":"gen9vgc2026regi","rating":1468,"private":0,"password":null}