{"id":"gen9vgc2026regi-2561048881","format":"[Gen 9] VGC 2026 Reg I","players":["asia_soup_abuser","Highkage2"],"log":"|j|\u2606asia_soup_abuser\n|j|\u203dHighkage2\n|t:|1773760475\n|gametype|doubles\n|player|p1|asia_soup_abuser|unknown|1263\n|player|p2|Highkage2|doubleteam|1492\n|gen|9\n|tier|[Gen 9] VGC 2026 Reg I\n|rated|\n|rule|Species Clause: Limit one of each Pok\u00e9mon\n|rule|Item Clause: Limit 1 of each item\n|clearpoke\n|poke|p1|Chien-Pao, L50|\n|poke|p1|Zacian-*, L50|\n|poke|p1|Kyogre, L50|\n|poke|p1|Urshifu-*, L50, M|\n|poke|p1|Roaring Moon, L50|\n|poke|p1|Amoonguss, L50, M|\n|poke|p2|Incineroar, L50, M|\n|poke|p2|Landorus, L50, M|\n|poke|p2|Calyrex-Ice, L50|\n|poke|p2|Miraidon, L50|\n|poke|p2|Farigiraf, L50, F|\n|poke|p2|Pelipper, L50, M|\n|teampreview|4\n|inactive|Battle timer is ON: inactive players will automatically lose when time's up. (requested by asia_soup_abuser)\n|inactive|asia_soup_abuser has 60 seconds left.\n|inactive|Highkage2 has 60 seconds left.\n|\n|t:|1773760527\n|teamsize|p1|4\n|teamsize|p2|4\n|start\n|switch|p1a: Runaway|Kyogre, L50, shiny|100/100\n|switch|p1b: Vulcan|Urshifu-Rapid-Strike, L50, M|100/100\n|switch|p2a: Miraidon|Miraidon, L50|100/100\n|switch|p2b: Farigiraf|Farigiraf, L50, F|100/100\n|-fieldstart|move: Electric Terrain|[from] ability: Hadron Engine|[of] p2a: Miraidon\n|-enditem|p2b: Farigiraf|Electric Seed\n|-boost|p2b: Farigiraf|def|1|[from] item: Electric Seed\n|-weather|RainDance|[from] ability: Drizzle|[of] p1a: Runaway\n|turn|1\n|\n|t:|1773760544\n|switch|p1b: METAVISION|Amoonguss, L50, M, shiny|100/100\n|-terastallize|p1a: Runaway|Grass\n|-terastallize|p2b: Farigiraf|Water\n|move|p2a: Miraidon|Volt Switch|p1b: METAVISION\n|-resisted|p1b: METAVISION\n|-damage|p1b: METAVISION|55/100\n|\n|t:|1773760553\n|switch|p2a: Calyrex|Calyrex-Ice, L50|100/100|[from] Volt Switch\n|-ability|p2a: Calyrex|As One\n|-ability|p2a: Calyrex|Unnerve\n|move|p1a: Runaway|Origin Pulse|p2a: Calyrex|[spread] p2a,p2b\n|-resisted|p2b: Farigiraf\n|-damage|p2a: Calyrex|48/100\n|-damage|p2b: Farigiraf|63/100\n|move|p2b: Farigiraf|Trick Room|p2b: Farigiraf\n|-fieldstart|move: Trick Room|[of] p2b: Farigiraf\n|\n|-weather|RainDance|[upkeep]\n|-heal|p2a: Calyrex|54/100|[from] item: Leftovers\n|upkeep\n|turn|2\n|\n|t:|1773760577\n|move|p2b: Farigiraf|Helping Hand|p2a: Calyrex\n|-singleturn|p2a: Calyrex|Helping Hand|[of] p2b: Farigiraf\n|move|p1b: METAVISION|Spore|p2a: Calyrex\n|-activate|p2a: Calyrex|move: Electric Terrain\n|move|p2a: Calyrex|Glacial Lance|p1a: Runaway|[spread] p1a,p1b\n|-supereffective|p1a: Runaway\n|-supereffective|p1b: METAVISION\n|-damage|p1a: Runaway|0 fnt\n|-damage|p1b: METAVISION|0 fnt\n|faint|p1a: Runaway\n|faint|p1b: METAVISION\n|-ability|p2a: Calyrex|Chilling Neigh|boost\n|-boost|p2a: Calyrex|atk|2\n|\n|-weather|RainDance|[upkeep]\n|-heal|p2a: Calyrex|59/100|[from] item: Leftovers\n|upkeep\n|-message|asia_soup_abuser forfeited.\n|\n|win|Highkage2\n","uploadtime":1773760477,"views":71,"formatid":"gen9vgc2026regi","rating":null,"private":0,"password":null}