{"id":"gen9vgc2026regi-2561737545","format":"[Gen 9] VGC 2026 Reg I","players":["cpxigao","Realfrytki"],"log":"|j|\u2606cpxigao\n|j|\u2606Realfrytki\n|t:|1773838752\n|gametype|doubles\n|player|p1|cpxigao|265|1487\n|player|p2|Realfrytki|veteranf|1602\n|gen|9\n|tier|[Gen 9] VGC 2026 Reg I\n|rated|\n|rule|Species Clause: Limit one of each Pok\u00e9mon\n|rule|Item Clause: Limit 1 of each item\n|clearpoke\n|poke|p1|Terapagos, L50, M|\n|poke|p1|Lunala, L50|\n|poke|p1|Smeargle, L50, F|\n|poke|p1|Weezing-Galar, L50, F|\n|poke|p1|Murkrow, L50, M|\n|poke|p1|Ursaluna, L50, M|\n|poke|p2|Terapagos, L50, M|\n|poke|p2|Grimmsnarl, L50, M|\n|poke|p2|Volcarona, L50, M|\n|poke|p2|Miraidon, L50|\n|poke|p2|Iron Hands, L50|\n|poke|p2|Amoonguss, L50, M|\n|teampreview|4\n|\n|t:|1773838780\n|teamsize|p1|4\n|teamsize|p2|4\n|start\n|switch|p1a: Murkrow|Murkrow, L50, M|100/100\n|switch|p1b: Weezing|Weezing-Galar, L50, F|100/100\n|switch|p2a: Grimmsnarl|Grimmsnarl, L50, M|100/100\n|switch|p2b: Terapagos|Terapagos, L50, M|100/100\n|-ability|p1b: Weezing|Neutralizing Gas\n|-block|p1a: Murkrow|item: Ability Shield\n|-activate|p2b: Terapagos|ability: Tera Shift\n|detailschange|p2b: Terapagos|Terapagos-Terastal, L50, M\n|-heal|p2b: Terapagos|100/100|[silent]\n|turn|1\n|\n|t:|1773838824\n|move|p2a: Grimmsnarl|Fake Out|p1a: Murkrow\n|-damage|p1a: Murkrow|81/100\n|cant|p1a: Murkrow|flinch\n|move|p2b: Terapagos|Tera Starstorm|p1b: Weezing\n|-damage|p1b: Weezing|0 fnt\n|faint|p1b: Weezing\n|-end|p1b: Weezing|ability: Neutralizing Gas\n|\n|upkeep\n|\n|t:|1773838835\n|switch|p1b: Terapagos|Terapagos, L50, M|100/100\n|-activate|p1b: Terapagos|ability: Tera Shift\n|detailschange|p1b: Terapagos|Terapagos-Terastal, L50, M\n|-heal|p1b: Terapagos|100/100|[silent]\n|turn|2\n|\n|t:|1773838853\n|-terastallize|p1b: Terapagos|Stellar\n|detailschange|p1b: Terapagos|Terapagos-Stellar, L50, M, tera:Stellar\n|-heal|p1b: Terapagos|100/100|[silent]\n|move|p1a: Murkrow|Tailwind|p1a: Murkrow\n|-sidestart|p1: cpxigao|move: Tailwind\n|move|p2a: Grimmsnarl|Thunder Wave|p1b: Terapagos\n|-status|p1b: Terapagos|par\n|move|p1b: Terapagos|Tera Starstorm|p2a: Grimmsnarl|[spread] p2a,p2b\n|-activate|p2b: Terapagos|ability: Tera Shell\n|-resisted|p2b: Terapagos\n|-crit|p2b: Terapagos\n|-damage|p2a: Grimmsnarl|43/100\n|-damage|p2b: Terapagos|58/100\n|move|p2b: Terapagos|Tera Starstorm|p1b: Terapagos\n|-damage|p1b: Terapagos|43/100 par\n|\n|upkeep\n|turn|3\n|\n|t:|1773838888\n|switch|p1a: Smeargle|Smeargle, L50, F|100/100\n|switch|p2a: Amoonguss|Amoonguss, L50, M|100/100\n|move|p1b: Terapagos|Tera Starstorm|p2b: Terapagos|[spread] p2a,p2b\n|-damage|p2a: Amoonguss|49/100\n|-damage|p2b: Terapagos|6/100\n|move|p2b: Terapagos|Tera Starstorm|p1b: Terapagos\n|-damage|p1b: Terapagos|0 fnt\n|faint|p1b: Terapagos\n|detailschange|p1: Terapagos|Terapagos, L50, M|[silent]\n|\n|upkeep\n|-message|cpxigao forfeited.\n|\n|win|Realfrytki\n|raw|cpxigao's rating: 1487 &rarr; <strong>1473</strong><br />(-14 for losing)\n|raw|Realfrytki's rating: 1602 &rarr; <strong>1616</strong><br />(+14 for winning)\n|l|\u2606cpxigao\n|player|p1|\n|l|\u2606Realfrytki\n|player|p2|\n","uploadtime":1773839147,"views":12,"formatid":"gen9vgc2026regi","rating":1473,"private":0,"password":null}