{"id":"gen9vgc2026regi-2563832992","format":"[Gen 9] VGC 2026 Reg I","players":["terafireflareblitz","zpanpann"],"log":"|j|\u2606terafireflareblitz\n|j|\u2606zpanpann\n|t:|1774068536\n|gametype|doubles\n|player|p1|terafireflareblitz|sycamore|1344\n|player|p2|zpanpann|169|1348\n|gen|9\n|tier|[Gen 9] VGC 2026 Reg I\n|rated|\n|rule|Species Clause: Limit one of each Pok\u00e9mon\n|rule|Item Clause: Limit 1 of each item\n|clearpoke\n|poke|p1|Koraidon, L50|\n|poke|p1|Lunala, L50|\n|poke|p1|Indeedee-F, L50, F|\n|poke|p1|Flutter Mane, L50|\n|poke|p1|Volcarona, L50, F|\n|poke|p1|Ursaluna, L50, M|\n|poke|p2|Koraidon, L50|\n|poke|p2|Raging Bolt, L50|\n|poke|p2|Ho-Oh, L50|\n|poke|p2|Iron Treads, L50|\n|poke|p2|Incineroar, L50, F|\n|poke|p2|Flutter Mane, L50|\n|teampreview|4\n|inactive|Battle timer is ON: inactive players will automatically lose when time's up. (requested by terafireflareblitz)\n|inactive|zpanpann has 60 seconds left.\n|\n|t:|1774068571\n|teamsize|p1|4\n|teamsize|p2|4\n|start\n|switch|p1a: Lunala|Lunala, L50, shiny|100/100\n|switch|p1b: Indeedee|Indeedee-F, L50, F|100/100\n|switch|p2a: Ho-Oh|Ho-Oh, L50|100/100\n|switch|p2b: Raging Bolt|Raging Bolt, L50|100/100\n|-fieldstart|move: Psychic Terrain|[from] ability: Psychic Surge|[of] p1b: Indeedee\n|turn|1\n|\n|t:|1774068583\n|move|p2a: Ho-Oh|Protect|p2a: Ho-Oh\n|-singleturn|p2a: Ho-Oh|Protect\n|move|p1a: Lunala|Wide Guard|p1a: Lunala\n|-singleturn|p1a: Lunala|Wide Guard\n|move|p2b: Raging Bolt|Snarl|p1b: Indeedee|[spread] \n|-activate|p1a: Lunala|move: Wide Guard\n|-activate|p1b: Indeedee|move: Wide Guard\n|move|p1b: Indeedee|Alluring Voice|p2b: Raging Bolt\n|-supereffective|p2b: Raging Bolt\n|-damage|p2b: Raging Bolt|78/100\n|\n|upkeep\n|turn|2\n|\n|t:|1774068600\n|move|p1b: Indeedee|Helping Hand|p1a: Lunala\n|-singleturn|p1a: Lunala|Helping Hand|[of] p1b: Indeedee\n|move|p1a: Lunala|Meteor Beam||[still]\n|-prepare|p1a: Lunala|Meteor Beam\n|-boost|p1a: Lunala|spa|1\n|-enditem|p1a: Lunala|Power Herb\n|-anim|p1a: Lunala|Meteor Beam|p2a: Ho-Oh\n|-supereffective|p2a: Ho-Oh\n|-damage|p2a: Ho-Oh|0 fnt\n|faint|p2a: Ho-Oh\n|move|p2b: Raging Bolt|Draco Meteor|p1a: Lunala\n|-damage|p1a: Lunala|76/100\n|-unboost|p2b: Raging Bolt|spa|2\n|\n|upkeep\n|\n|t:|1774068609\n|switch|p2a: Incineroar|Incineroar, L50, F|100/100\n|-ability|p2a: Incineroar|Intimidate|boost\n|-unboost|p1a: Lunala|atk|1\n|-unboost|p1b: Indeedee|atk|1\n|turn|3\n|\n|t:|1774068617\n|-end|p2b: Raging Bolt|Protosynthesis|[silent]\n|switch|p2b: Koraidon|Koraidon, L50|100/100\n|-weather|SunnyDay|[from] ability: Orichalcum Pulse|[of] p2b: Koraidon\n|-activate|p2b: Koraidon|Orichalcum Pulse|[source]\n|-terastallize|p1a: Lunala|Water\n|move|p1b: Indeedee|Helping Hand|p1a: Lunala\n|-singleturn|p1a: Lunala|Helping Hand|[of] p1b: Indeedee\n|move|p1a: Lunala|Expanding Force|p2b: Koraidon|[spread] p2b\n|-immune|p2a: Incineroar\n|-supereffective|p2b: Koraidon\n|-damage|p2b: Koraidon|0 fnt\n|faint|p2b: Koraidon\n|move|p2a: Incineroar|Knock Off|p1a: Lunala\n|-crit|p1a: Lunala\n|-damage|p1a: Lunala|42/100\n|\n|-weather|SunnyDay|[upkeep]\n|upkeep\n|-message|zpanpann forfeited.\n|\n|win|terafireflareblitz\n|raw|terafireflareblitz's rating: 1344 &rarr; <strong>1364</strong><br />(+20 for winning)\n|raw|zpanpann's rating: 1348 &rarr; <strong>1328</strong><br />(-20 for losing)\n","uploadtime":1774068624,"views":11,"formatid":"gen9vgc2026regi","rating":1328,"private":0,"password":null}