{"id":"gen9vgc2026regi-2585564697","format":"[Gen 9] VGC 2026 Reg I","players":["Harry Koekenpan","Pauliet456"],"log":"|j|\u2606Harry Koekenpan\n|j|\u2606Pauliet456\n|t:|1776355845\n|gametype|doubles\n|player|p1|Harry Koekenpan|102|1380\n|player|p2|Pauliet456|1|1302\n|gen|9\n|tier|[Gen 9] VGC 2026 Reg I\n|rated|\n|rule|Species Clause: Limit one of each Pok\u00e9mon\n|rule|Item Clause: Limit 1 of each item\n|clearpoke\n|poke|p1|Weezing-Galar, L50, M|\n|poke|p1|Calyrex-Shadow, L50|\n|poke|p1|Regigigas, L50|\n|poke|p1|Koraidon, L50|\n|poke|p1|Chi-Yu, L50|\n|poke|p1|Brute Bonnet, L50|\n|poke|p2|Koraidon, L50|\n|poke|p2|Gothitelle, L50, M|\n|poke|p2|Amoonguss, L50, F|\n|poke|p2|Incineroar, L50, F|\n|poke|p2|Scream Tail, L50|\n|poke|p2|Calyrex-Shadow, L50|\n|teampreview|4\n|inactive|Battle timer is ON: inactive players will automatically lose when time's up. (requested by Harry Koekenpan)\n|\n|t:|1776355868\n|teamsize|p1|4\n|teamsize|p2|4\n|start\n|switch|p1a: Weezing|Weezing-Galar, L50, M|100/100\n|switch|p1b: Regigigas|Regigigas, L50|100/100\n|switch|p2a: Calyrex|Calyrex-Shadow, L50|100/100\n|switch|p2b: Koraidon|Koraidon, L50|100/100\n|-ability|p1a: Weezing|Neutralizing Gas\n|-ability|p2a: Calyrex|As One\n|-ability|p2a: Calyrex|Unnerve\n|turn|1\n|\n|t:|1776355883\n|move|p2a: Calyrex|Protect|p2a: Calyrex\n|-singleturn|p2a: Calyrex|Protect\n|move|p1b: Regigigas|Knock Off|p2a: Calyrex\n|-activate|p2a: Calyrex|move: Protect\n|move|p2b: Koraidon|Close Combat|p1b: Regigigas\n|-supereffective|p1b: Regigigas\n|-damage|p1b: Regigigas|0 fnt\n|-unboost|p2b: Koraidon|def|1\n|-unboost|p2b: Koraidon|spd|1\n|faint|p1b: Regigigas\n|-end|p1b: Regigigas|Slow Start|[silent]\n|-damage|p2b: Koraidon|91/100|[from] item: Life Orb\n|move|p1a: Weezing|Poison Gas|p2b: Koraidon|[spread] p2b\n|-activate|p2a: Calyrex|move: Protect\n|-status|p2b: Koraidon|psn\n|\n|-damage|p2b: Koraidon|78/100 psn|[from] psn\n|upkeep\n|\n|t:|1776355892\n|switch|p1b: Calyrex|Calyrex-Shadow, L50|100/100\n|-ability|p1b: Calyrex|As One\n|-ability|p1b: Calyrex|Unnerve\n|turn|2\n|\n|t:|1776355901\n|-terastallize|p1b: Calyrex|Dark\n|-terastallize|p2a: Calyrex|Ghost\n|move|p2a: Calyrex|Astral Barrage|p1a: Weezing|[spread] p1a,p1b\n|-resisted|p1b: Calyrex\n|-damage|p1a: Weezing|28/100\n|-damage|p1b: Calyrex|65/100\n|move|p1b: Calyrex|Astral Barrage|p2b: Koraidon|[spread] p2a,p2b\n|-supereffective|p2a: Calyrex\n|-enditem|p2a: Calyrex|Focus Sash\n|-damage|p2a: Calyrex|1/100\n|-damage|p2b: Koraidon|0 fnt\n|faint|p2b: Koraidon\n|-ability|p1b: Calyrex|Grim Neigh|boost\n|-boost|p1b: Calyrex|spa|1\n|-damage|p1b: Calyrex|56/100|[from] item: Life Orb\n|move|p1a: Weezing|Sludge Bomb|p2a: Calyrex\n|-resisted|p2a: Calyrex\n|-damage|p2a: Calyrex|0 fnt\n|-enditem|p1a: Weezing|Sitrus Berry|[eat]\n|-heal|p1a: Weezing|53/100|[from] item: Sitrus Berry\n|faint|p2a: Calyrex\n|\n|upkeep\n|-message|Pauliet456 forfeited.\n|\n|win|Harry Koekenpan\n|raw|Harry Koekenpan's rating: 1380 &rarr; <strong>1396</strong><br />(+16 for winning)\n|raw|Pauliet456's rating: 1302 &rarr; <strong>1286</strong><br />(-16 for losing)\n|l|\u2606Pauliet456\n|player|p2|\n","uploadtime":1776355912,"views":10,"formatid":"gen9vgc2026regi","rating":1286,"private":0,"password":null}