{"id":"gen9vgc2026regi-2557460801","format":"[Gen 9] VGC 2026 Reg I","players":["ArisHazard","xjazuu"],"log":"|j|\u2606ArisHazard\n|j|\u2606xjazuu\n|t:|1773327924\n|gametype|doubles\n|player|p1|ArisHazard|169|1392\n|player|p2|xjazuu|youngcouple|1515\n|gen|9\n|tier|[Gen 9] VGC 2026 Reg I\n|rated|\n|rule|Species Clause: Limit one of each Pok\u00e9mon\n|rule|Item Clause: Limit 1 of each item\n|clearpoke\n|poke|p1|Calyrex-Ice, L50|\n|poke|p1|Hitmontop, L50, M|\n|poke|p1|Miraidon, L50|\n|poke|p1|Sableye, L50, F|\n|poke|p1|Ting-Lu, L50|\n|poke|p1|Iron Valiant, L50|\n|poke|p2|Calyrex-Ice, L50|\n|poke|p2|Miraidon, L50|\n|poke|p2|Urshifu-*, L50, M|\n|poke|p2|Grimmsnarl, L50, M|\n|poke|p2|Pelipper, L50, F|\n|poke|p2|Farigiraf, L50, M|\n|teampreview|4\n|\n|t:|1773327951\n|teamsize|p1|4\n|teamsize|p2|4\n|start\n|switch|p1a: Miraidon|Miraidon, L50|100/100\n|switch|p1b: Iron Valiant|Iron Valiant, L50|100/100\n|switch|p2a: Grimmsnarl|Grimmsnarl, L50, M|100/100\n|switch|p2b: Calyrex|Calyrex-Ice, L50|100/100\n|-ability|p2b: Calyrex|As One\n|-ability|p2b: Calyrex|Unnerve\n|-fieldstart|move: Electric Terrain|[from] ability: Hadron Engine|[of] p1a: Miraidon\n|-activate|p1b: Iron Valiant|ability: Quark Drive\n|-start|p1b: Iron Valiant|quarkdrivespe\n|turn|1\n|inactive|Battle timer is ON: inactive players will automatically lose when time's up. (requested by ArisHazard)\n|\n|t:|1773327970\n|move|p2a: Grimmsnarl|Fake Out|p1a: Miraidon\n|-crit|p1a: Miraidon\n|-damage|p1a: Miraidon|85/100\n|move|p1b: Iron Valiant|Moonblast|p2a: Grimmsnarl\n|-supereffective|p2a: Grimmsnarl\n|-damage|p2a: Grimmsnarl|32/100\n|cant|p1a: Miraidon|flinch\n|move|p2b: Calyrex|Glacial Lance|p1b: Iron Valiant|[spread] p1a,p1b\n|-supereffective|p1a: Miraidon\n|-damage|p1a: Miraidon|0 fnt\n|-damage|p1b: Iron Valiant|40/100\n|faint|p1a: Miraidon\n|-ability|p2b: Calyrex|Chilling Neigh|boost\n|-boost|p2b: Calyrex|atk|1\n|\n|upkeep\n|-message|ArisHazard forfeited.\n|\n|win|xjazuu\n|raw|ArisHazard's rating: 1392 &rarr; <strong>1379</strong><br />(-13 for losing)\n|raw|xjazuu's rating: 1515 &rarr; <strong>1528</strong><br />(+13 for winning)\n|l|\u2606ArisHazard\n|player|p1|\n|l|\u2606xjazuu\n|player|p2|\n","uploadtime":1773328225,"views":11,"formatid":"gen9vgc2026regi","rating":1379,"private":0,"password":null}