{"id":"gen9vgc2026regi-2575617614","format":"[Gen 9] VGC 2026 Reg I","players":["Billlmads","EllenJoe2026"],"log":"|j|\u2606Billlmads\n|j|\u2606EllenJoe2026\n|t:|1775376420\n|gametype|doubles\n|player|p1|Billlmads|102|1562\n|player|p2|EllenJoe2026|elesa|1537\n|gen|9\n|tier|[Gen 9] VGC 2026 Reg I\n|rated|\n|rule|Species Clause: Limit one of each Pok\u00e9mon\n|rule|Item Clause: Limit 1 of each item\n|clearpoke\n|poke|p1|Calyrex-Ice, L50|\n|poke|p1|Miraidon, L50|\n|poke|p1|Volcarona, L50, F|\n|poke|p1|Grimmsnarl, L50, M|\n|poke|p1|Incineroar, L50, M|\n|poke|p1|Ditto, L50|\n|poke|p2|Calyrex-Ice, L50|\n|poke|p2|Miraidon, L50|\n|poke|p2|Tornadus, L50, M|\n|poke|p2|Urshifu-*, L50, F|\n|poke|p2|Volcarona, L50, F|\n|poke|p2|Indeedee-F, L50, F|\n|teampreview|4\n|inactive|Battle timer is ON: inactive players will automatically lose when time's up. (requested by EllenJoe2026)\n|inactive|EllenJoe2026 has 60 seconds left.\n|\n|t:|1775376468\n|teamsize|p1|4\n|teamsize|p2|4\n|start\n|switch|p1a: Miraidon|Miraidon, L50|100/100\n|switch|p1b: Grimmsnarl|Grimmsnarl, L50, M, shiny|100/100\n|switch|p2a: Calyrex|Calyrex-Ice, L50|100/100\n|switch|p2b: Indeedee|Indeedee-F, L50, F, shiny|100/100\n|-ability|p2a: Calyrex|As One\n|-ability|p2a: Calyrex|Unnerve\n|-fieldstart|move: Electric Terrain|[from] ability: Hadron Engine|[of] p1a: Miraidon\n|-fieldstart|move: Psychic Terrain|[from] ability: Psychic Surge|[of] p2b: Indeedee\n|turn|1\n|j| Spea1\n|\n|t:|1775376489\n|move|p2b: Indeedee|Follow Me|p2b: Indeedee\n|-singleturn|p2b: Indeedee|move: Follow Me\n|move|p1b: Grimmsnarl|Reflect|p1b: Grimmsnarl\n|-sidestart|p1: Billlmads|Reflect\n|move|p1a: Miraidon|Volt Switch|p2b: Indeedee\n|-damage|p2b: Indeedee|62/100\n|-enditem|p2b: Indeedee|Eject Button\n|\n|t:|1775376499\n|switch|p2b: Urshifu|Urshifu-Rapid-Strike, L50, F|100/100\n|move|p2a: Calyrex|Glacial Lance|p1b: Grimmsnarl|[spread] p1a,p1b\n|-supereffective|p1a: Miraidon\n|-damage|p1a: Miraidon|43/100\n|-damage|p1b: Grimmsnarl|69/100\n|\n|upkeep\n|turn|2\n|inactive|EllenJoe2026 has 30 seconds left.\n|inactive|EllenJoe2026 has 20 seconds left.\n|\n|t:|1775376535\n|switch|p2b: Indeedee|Indeedee-F, L50, F, shiny|62/100\n|switch|p1b: Ditto|Ditto, L50|100/100\n|-transform|p1b: Ditto|p2a: Calyrex|[from] ability: Imposter\n|-ability|p1b: Ditto|As One\n|-ability|p1b: Ditto|Unnerve\n|-terastallize|p2a: Calyrex|Grass\n|move|p1a: Miraidon|Volt Switch|p2a: Calyrex\n|-resisted|p2a: Calyrex\n|-damage|p2a: Calyrex|86/100\n|\n|t:|1775376542\n|switch|p1a: Calyrex|Calyrex-Ice, L50|100/100|[from] Volt Switch\n|-ability|p1a: Calyrex|As One\n|-ability|p1a: Calyrex|Unnerve\n|move|p2a: Calyrex|Glacial Lance|p1b: Ditto|[spread] p1a,p1b\n|-resisted|p1a: Calyrex\n|-resisted|p1b: Ditto\n|-damage|p1a: Calyrex|90/100\n|-damage|p1b: Ditto|87/100\n|\n|-heal|p1a: Calyrex|96/100|[from] item: Leftovers\n|upkeep\n|turn|3\n|\n|t:|1775376560\n|move|p1b: Ditto|Imprison|p1b: Ditto\n|-start|p1b: Ditto|move: Imprison\n|cant|p2a: Calyrex|move: Imprison|Imprison\n|move|p2b: Indeedee|Heal Pulse|p2a: Calyrex\n|-heal|p2a: Calyrex|100/100\n|move|p1a: Calyrex|Glacial Lance|p2b: Indeedee|[spread] p2a,p2b\n|-supereffective|p2a: Calyrex\n|-damage|p2a: Calyrex|40/100\n|-damage|p2b: Indeedee|14/100\n|\n|-heal|p1a: Calyrex|100/100|[from] item: Leftovers\n|upkeep\n|turn|4\n|-message|EllenJoe2026 forfeited.\n|\n|win|Billlmads\n|raw|Billlmads's rating: 1562 &rarr; <strong>1581</strong><br />(+19 for winning)\n|raw|EllenJoe2026's rating: 1537 &rarr; <strong>1518</strong><br />(-19 for losing)\n|l|\u2606EllenJoe2026\n|player|p2|\n|c| Spea1|INSANE\n","uploadtime":1775376582,"views":13,"formatid":"gen9vgc2026regi","rating":1518,"private":0,"password":null}