{"id":"gen9vgc2026regi-2569332698","format":"[Gen 9] VGC 2026 Reg I","players":["Ice124567890","TheNamesBetty"],"log":"|j|\u2606Ice124567890\n|j|\u2606TheNamesBetty\n|t:|1774675682\n|gametype|doubles\n|player|p1|Ice124567890|1|1329\n|player|p2|TheNamesBetty|koga|1314\n|gen|9\n|tier|[Gen 9] VGC 2026 Reg I\n|rated|\n|rule|Species Clause: Limit one of each Pok\u00e9mon\n|rule|Item Clause: Limit 1 of each item\n|clearpoke\n|poke|p1|Clefairy, L50, F|\n|poke|p1|Rillaboom, L50, M|\n|poke|p1|Calyrex-Shadow, L50|\n|poke|p1|Incineroar, L50, F|\n|poke|p1|Flutter Mane, L50|\n|poke|p1|Koraidon, L50|\n|poke|p2|Calyrex-Shadow, L50|\n|poke|p2|Koraidon, L50|\n|poke|p2|Rillaboom, L50, M|\n|poke|p2|Incineroar, L50, F|\n|poke|p2|Regieleki, L50|\n|poke|p2|Cramorant, L50, F|\n|teampreview|4\n|inactive|Battle timer is ON: inactive players will automatically lose when time's up. (requested by Ice124567890)\nTheNamesBetty has agreed to open team sheets.\n|inactive|Ice124567890 has 60 seconds left.\n|inactive|Ice124567890 has 30 seconds left.\n|\n|t:|1774675747\n|teamsize|p1|4\n|teamsize|p2|4\n|start\n|switch|p1a: Koraidon|Koraidon, L50|100/100\n|switch|p1b: Flutter Mane|Flutter Mane, L50|100/100\n|switch|p2a: Pt\u00e1ky Gd\u00e1ky|Cramorant, L50, F|100/100\n|switch|p2b: Koraidon|Koraidon, L50|100/100\n|-weather|SunnyDay|[from] ability: Orichalcum Pulse|[of] p1a: Koraidon\n|-activate|p1b: Flutter Mane|ability: Protosynthesis\n|-start|p1b: Flutter Mane|protosynthesisspe\n|-activate|p1a: Koraidon|Orichalcum Pulse|[source]\n|-activate|p2b: Koraidon|ability: Orichalcum Pulse\n|turn|1\n|\n|t:|1774675766\n|-terastallize|p2b: Koraidon|Fire\n|move|p1b: Flutter Mane|Moonblast|p2a: Pt\u00e1ky Gd\u00e1ky\n|-damage|p2a: Pt\u00e1ky Gd\u00e1ky|29/100\n|-unboost|p2a: Pt\u00e1ky Gd\u00e1ky|spa|1\n|move|p2a: Pt\u00e1ky Gd\u00e1ky|Surf|p1a: Koraidon|[spread] p2b,p1a,p1b\n|-formechange|p2a: Pt\u00e1ky Gd\u00e1ky|Cramorant-Gorging|\n|-supereffective|p2b: Koraidon\n|-resisted|p1a: Koraidon\n|-damage|p2b: Koraidon|89/100\n|-damage|p1a: Koraidon|98/100\n|-damage|p1b: Flutter Mane|94/100\n|-enditem|p2b: Koraidon|Weakness Policy\n|-boost|p2b: Koraidon|atk|2|[from] item: Weakness Policy\n|-boost|p2b: Koraidon|spa|2|[from] item: Weakness Policy\n|move|p1a: Koraidon|Low Kick|p2b: Koraidon\n|-damage|p2b: Koraidon|24/100\n|move|p2b: Koraidon|Flame Charge|p1b: Flutter Mane\n|-damage|p1b: Flutter Mane|0 fnt\n|-boost|p2b: Koraidon|spe|1\n|faint|p1b: Flutter Mane\n|-end|p1b: Flutter Mane|Protosynthesis|[silent]\n|\n|-weather|SunnyDay|[upkeep]\n|upkeep\n|\n|t:|1774675778\n|switch|p1b: Incineroar|Incineroar, L50, F|100/100\n|-ability|p1b: Incineroar|Intimidate|boost\n|-unboost|p2a: Pt\u00e1ky Gd\u00e1ky|atk|1\n|-unboost|p2b: Koraidon|atk|1\n|turn|2\n|\n|t:|1774675796\n|switch|p1b: Calyrex|Calyrex-Shadow, L50|100/100\n|-ability|p1b: Calyrex|As One\n|-ability|p1b: Calyrex|Unnerve\n|-terastallize|p1a: Koraidon|Fire\n|move|p2b: Koraidon|Protect|p2b: Koraidon\n|-singleturn|p2b: Koraidon|Protect\n|move|p2a: Pt\u00e1ky Gd\u00e1ky|Surf|p1a: Koraidon|[spread] p1a,p1b\n|-activate|p2b: Koraidon|move: Protect\n|-supereffective|p1a: Koraidon\n|-damage|p1a: Koraidon|86/100\n|-damage|p1b: Calyrex|94/100\n|move|p1a: Koraidon|Flame Charge|p2a: Pt\u00e1ky Gd\u00e1ky\n|-resisted|p2a: Pt\u00e1ky Gd\u00e1ky\n|-damage|p2a: Pt\u00e1ky Gd\u00e1ky|0 fnt\n|-boost|p1a: Koraidon|spe|1\n|-damage|p1a: Koraidon|61/100|[from] ability: Gulp Missile|[of] p2a: Pt\u00e1ky Gd\u00e1ky\n|-status|p1a: Koraidon|par\n|-formechange|p2a: Pt\u00e1ky Gd\u00e1ky|Cramorant|\n|faint|p2a: Pt\u00e1ky Gd\u00e1ky\n|\n|-weather|SunnyDay|[upkeep]\n|upkeep\n|inactive|TheNamesBetty has 30 seconds left.\n|\n|t:|1774675828\n|switch|p2a: Calyrex|Calyrex-Shadow, L50|100/100\n|-ability|p2a: Calyrex|As One\n|-ability|p2a: Calyrex|Unnerve\n|turn|3\n|\n|t:|1774675837\n|move|p2b: Koraidon|Flare Blitz|p1b: Calyrex\n|-damage|p1b: Calyrex|0 fnt\n|faint|p1b: Calyrex\n|-damage|p2b: Koraidon|0 fnt|[from] Recoil\n|faint|p2b: Koraidon\n|move|p2a: Calyrex|Astral Barrage|p1a: Koraidon\n|-damage|p1a: Koraidon|0 fnt\n|faint|p1a: Koraidon\n|-ability|p2a: Calyrex|Grim Neigh|boost\n|-boost|p2a: Calyrex|spa|1\n|-damage|p2a: Calyrex|91/100|[from] item: Life Orb\n|\n|-weather|SunnyDay|[upkeep]\n|upkeep\n|-message|Ice124567890 forfeited.\n|\n|win|TheNamesBetty\n|raw|Ice124567890's rating: 1329 &rarr; <strong>1308</strong><br />(-21 for losing)\n|raw|TheNamesBetty's rating: 1314 &rarr; <strong>1335</strong><br />(+21 for winning)\n|l|\u2606Ice124567890\n|player|p1|\n","uploadtime":1774675854,"views":8,"formatid":"gen9vgc2026regi","rating":1308,"private":0,"password":null}