{"id":"gen9vgc2026regi-2537701560","format":"[Gen 9] VGC 2026 Reg I","players":["photon sheister","ColonelSquid"],"log":"|j|\u2606photon sheister\n|j|\u2606ColonelSquid\n|t:|1770839827\n|gametype|doubles\n|player|p1|photon sheister|170|1482\n|player|p2|ColonelSquid|101|1482\n|gen|9\n|tier|[Gen 9] VGC 2026 Reg I\n|rated|\n|rule|Species Clause: Limit one of each Pok\u00e9mon\n|rule|Item Clause: Limit 1 of each item\n|clearpoke\n|poke|p1|Miraidon, L50|\n|poke|p1|Lunala, L50|\n|poke|p1|Sylveon, L50, F|\n|poke|p1|Incineroar, L50, F|\n|poke|p1|Whimsicott, L50, M|\n|poke|p1|Urshifu-*, L50, M|\n|poke|p2|Smeargle, L50, M|\n|poke|p2|Calyrex-Ice, L50|\n|poke|p2|Lunala, L50|\n|poke|p2|Indeedee-F, L50, F|\n|poke|p2|Raging Bolt, L50|\n|poke|p2|Urshifu-*, L50, F|\n|teampreview|4\n|inactive|Battle timer is ON: inactive players will automatically lose when time's up. (requested by ColonelSquid)\n|\n|t:|1770839856\n|teamsize|p1|4\n|teamsize|p2|4\n|start\n|switch|p1a: Incineroar|Incineroar, L50, F|100/100\n|switch|p1b: Urshifu|Urshifu-Rapid-Strike, L50, M|100/100\n|switch|p2a: Indeedee|Indeedee-F, L50, F|100/100\n|switch|p2b: Calyrex|Calyrex-Ice, L50|100/100\n|-ability|p2b: Calyrex|As One\n|-ability|p2b: Calyrex|Unnerve\n|-fieldstart|move: Psychic Terrain|[from] ability: Psychic Surge|[of] p2a: Indeedee\n|-ability|p1a: Incineroar|Intimidate|boost\n|-unboost|p2a: Indeedee|atk|1\n|-fail|p2b: Calyrex|unboost|[from] item: Clear Amulet|[of] p2b: Calyrex\n|turn|1\n|\n|t:|1770839870\n|switch|p1b: Miraidon|Miraidon, L50, shiny|100/100\n|-fieldstart|move: Electric Terrain|[from] ability: Hadron Engine|[of] p1b: Miraidon\n|-terastallize|p2b: Calyrex|Fire\n|move|p1a: Incineroar|Fake Out|p2b: Calyrex\n|-damage|p2b: Calyrex|94/100\n|move|p2a: Indeedee|Psychic|p1b: Miraidon\n|-damage|p1b: Miraidon|74/100\n|cant|p2b: Calyrex|flinch\n|\n|upkeep\n|turn|2\n|\n|t:|1770839890\n|switch|p2a: Smeargle|Smeargle, L50, M|100/100\n|move|p2b: Calyrex|Protect|p2b: Calyrex\n|-singleturn|p2b: Calyrex|Protect\n|move|p1b: Miraidon|Volt Switch|p2b: Calyrex\n|-activate|p2b: Calyrex|move: Protect\n|move|p1a: Incineroar|U-turn|p2a: Smeargle\n|-crit|p2a: Smeargle\n|-damage|p2a: Smeargle|30/100\n|\n|t:|1770839896\n|switch|p1a: Urshifu|Urshifu-Rapid-Strike, L50, M|100/100|[from] U-turn\n|\n|-ability|p2a: Smeargle|Moody|boost\n|-boost|p2a: Smeargle|def|2\n|-unboost|p2a: Smeargle|atk|1\n|upkeep\n|turn|3\n|\n|t:|1770839909\n|move|p2a: Smeargle|Follow Me|p2a: Smeargle\n|-singleturn|p2a: Smeargle|move: Follow Me\n|move|p1b: Miraidon|Volt Switch|p2a: Smeargle\n|-damage|p2a: Smeargle|0 fnt\n|faint|p2a: Smeargle\n|\n|t:|1770839913\n|switch|p1b: Incineroar|Incineroar, L50, F|100/100|[from] Volt Switch\n|-ability|p1b: Incineroar|Intimidate|boost\n|-fail|p2b: Calyrex|unboost|[from] item: Clear Amulet|[of] p2b: Calyrex\n|move|p1a: Urshifu|Surging Strikes|p2b: Calyrex\n|-supereffective|p2b: Calyrex\n|-crit|p2b: Calyrex\n|-damage|p2b: Calyrex|51/100\n|-supereffective|p2b: Calyrex\n|-crit|p2b: Calyrex\n|-damage|p2b: Calyrex|13/100\n|-supereffective|p2b: Calyrex\n|-crit|p2b: Calyrex\n|-damage|p2b: Calyrex|0 fnt\n|faint|p2b: Calyrex\n|-hitcount|p2: Calyrex|3\n|\n|upkeep\n|-message|ColonelSquid forfeited.\n|\n|win|photon sheister\n|raw|photon sheister's rating: 1482 &rarr; <strong>1502</strong><br />(+20 for winning)\n|raw|ColonelSquid's rating: 1482 &rarr; <strong>1462</strong><br />(-20 for losing)\n|l|\u2606ColonelSquid\n|player|p2|\n|l|\u2606photon sheister\n|player|p1|\n","uploadtime":1770839924,"views":18,"formatid":"gen9vgc2026regi","rating":1462,"private":0,"password":null}