{"id":"gen9vgc2026regi-2578082480","format":"[Gen 9] VGC 2026 Reg I","players":["Byakushark008","kekitokeko"],"log":"|j|\u2606Byakushark008\n|j|\u2606kekitokeko\n|t:|1775645767\n|gametype|doubles\n|player|p1|Byakushark008|170|1056\n|player|p2|kekitokeko|2|1065\n|gen|9\n|tier|[Gen 9] VGC 2026 Reg I\n|rated|\n|rule|Species Clause: Limit one of each Pok\u00e9mon\n|rule|Item Clause: Limit 1 of each item\n|clearpoke\n|poke|p1|Salazzle, L50, F|\n|poke|p1|Sinistcha-Masterpiece, L50|\n|poke|p1|Gholdengo, L50|\n|poke|p1|Krookodile, L50, F|\n|poke|p1|Milotic, L50, M|\n|poke|p1|Salamence, L50, M|\n|poke|p2|Calyrex-Ice, L50|\n|poke|p2|Miraidon, L50|\n|poke|p2|Grimmsnarl, L50, M|\n|poke|p2|Urshifu-*, L50, F|\n|poke|p2|Incineroar, L50, F|\n|poke|p2|Landorus, L50, M|\n|teampreview|4\n|\n|t:|1775645797\n|teamsize|p1|4\n|teamsize|p2|4\n|start\n|switch|p1a: Salazzle|Salazzle, L50, F|100/100\n|switch|p1b: Gholdengo|Gholdengo, L50|100/100\n|switch|p2a: Incineroar|Incineroar, L50, F|100/100\n|switch|p2b: Calyrex|Calyrex-Ice, L50|100/100\n|-ability|p2b: Calyrex|As One\n|-ability|p2b: Calyrex|Unnerve\n|-ability|p2a: Incineroar|Intimidate|boost\n|-unboost|p1a: Salazzle|atk|1\n|-unboost|p1b: Gholdengo|atk|1\n|-enditem|p1b: Gholdengo|White Herb\n|-clearnegativeboost|p1b: Gholdengo|[silent]\n|turn|1\n|\n|t:|1775645823\n|-terastallize|p1a: Salazzle|Ghost\n|move|p2a: Incineroar|Fake Out|p1a: Salazzle\n|-immune|p1a: Salazzle\n|move|p1a: Salazzle|Poison Gas|p2b: Calyrex|[spread] p2b\n|-miss|p1a: Salazzle|p2a: Incineroar\n|-status|p2b: Calyrex|psn\n|move|p1b: Gholdengo|Hex|p2b: Calyrex\n|-supereffective|p2b: Calyrex\n|-damage|p2b: Calyrex|30/100 psn\n|move|p2b: Calyrex|Leech Seed|p1b: Gholdengo\n|-immune|p1b: Gholdengo|[from] ability: Good as Gold\n|\n|-heal|p2b: Calyrex|36/100 psn|[from] item: Leftovers\n|-damage|p2b: Calyrex|24/100 psn|[from] psn\n|upkeep\n|turn|2\n|\n|t:|1775645847\n|move|p1a: Salazzle|Encore|p2a: Incineroar\n|-start|p2a: Incineroar|Encore\n|move|p2a: Incineroar|Fake Out||[still]\n|-hint|Fake Out only works on your first turn out.\n|-fail|p2a: Incineroar\n|move|p1b: Gholdengo|Make It Rain|p2b: Calyrex|[spread] p2a,p2b\n|-resisted|p2a: Incineroar\n|-supereffective|p2b: Calyrex\n|-damage|p2a: Incineroar|88/100\n|-damage|p2b: Calyrex|0 fnt\n|-unboost|p1b: Gholdengo|spa|1\n|faint|p2b: Calyrex\n|\n|upkeep\n|-message|kekitokeko forfeited.\n|\n|win|Byakushark008\n|raw|Byakushark008's rating: 1056 &rarr; <strong>1088</strong><br />(+32 for winning)\n|raw|kekitokeko's rating: 1065 &rarr; <strong>1045</strong><br />(-20 for losing)\n|l|\u2606kekitokeko\n|player|p2|\n|l|\u2606Byakushark008\n|player|p1|\n","uploadtime":1775646173,"views":7,"formatid":"gen9vgc2026regi","rating":1045,"private":0,"password":null}