{"id":"gen9vgc2026regi-2569672364","format":"[Gen 9] VGC 2026 Reg I","players":["Regei","Galact7adi"],"log":"|j|\u2606Regei\n|j|\u2606Galact7adi\n|t:|1774721681\n|gametype|doubles\n|player|p1|Regei|drayton|1494\n|player|p2|Galact7adi|169|1433\n|gen|9\n|tier|[Gen 9] VGC 2026 Reg I\n|rated|\n|rule|Species Clause: Limit one of each Pok\u00e9mon\n|rule|Item Clause: Limit 1 of each item\n|clearpoke\n|poke|p1|Miraidon, L50|\n|poke|p1|Raging Bolt, L50|\n|poke|p1|Koraidon, L50|\n|poke|p1|Whimsicott, L50, F|\n|poke|p1|Iron Bundle, L50|\n|poke|p1|Farigiraf, L50, M|\n|poke|p2|Calyrex-Shadow, L50|\n|poke|p2|Tornadus, L50, M|\n|poke|p2|Chien-Pao, L50|\n|poke|p2|Zamazenta-*, L50|\n|poke|p2|Rillaboom, L50, M|\n|poke|p2|Raging Bolt, L50|\n|teampreview|4\n|inactive|Battle timer is ON: inactive players will automatically lose when time's up. (requested by Galact7adi)\n|inactive|Regei has 60 seconds left.\n|inactive|Galact7adi has 60 seconds left.\n|inactive|Regei has 30 seconds left.\n|\n|t:|1774721749\n|teamsize|p1|4\n|teamsize|p2|4\n|start\n|switch|p1a: Miraidon|Miraidon, L50, shiny|100/100\n|switch|p1b: Farigiraf|Farigiraf, L50, M|100/100\n|switch|p2a: Calyrex|Calyrex-Shadow, L50|100/100\n|switch|p2b: Tornadus|Tornadus, L50, M|100/100\n|-ability|p2a: Calyrex|As One\n|-ability|p2a: Calyrex|Unnerve\n|-fieldstart|move: Electric Terrain|[from] ability: Hadron Engine|[of] p1a: Miraidon\n|-enditem|p1b: Farigiraf|Electric Seed\n|-boost|p1b: Farigiraf|def|1|[from] item: Electric Seed\n|turn|1\n|inactive|Regei has 30 seconds left.\n|\n|t:|1774721774\n|switch|p2b: Boomin'|Rillaboom, L50, M|100/100\n|-fieldstart|move: Grassy Terrain|[from] ability: Grassy Surge|[of] p2b: Boomin'\n|-terastallize|p2a: Calyrex|Fairy\n|move|p2a: Calyrex|Nasty Plot|p2a: Calyrex\n|-boost|p2a: Calyrex|spa|2\n|move|p1a: Miraidon|Volt Switch|p2a: Calyrex\n|-damage|p2a: Calyrex|65/100\n|\n|t:|1774721785\n|switch|p1a: Raging Bolt|Raging Bolt, L50|100/100|[from] Volt Switch\n|move|p1b: Farigiraf|Foul Play|p2a: Calyrex\n|-resisted|p2a: Calyrex\n|-damage|p2a: Calyrex|57/100\n|\n|-heal|p2a: Calyrex|63/100|[from] Grassy Terrain\n|upkeep\n|turn|2\n|inactive|Regei has 30 seconds left.\n|inactive|Regei has 20 seconds left.\n|\n|t:|1774721823\n|switch|p1b: Koraidon|Koraidon, L50, shiny|100/100\n|-weather|SunnyDay|[from] ability: Orichalcum Pulse|[of] p1b: Koraidon\n|-activate|p1a: Raging Bolt|ability: Protosynthesis\n|-start|p1a: Raging Bolt|protosynthesisspa\n|-activate|p1b: Koraidon|Orichalcum Pulse|[source]\n|move|p1a: Raging Bolt|Thunderclap|p2a: Calyrex\n|-damage|p2a: Calyrex|2/100\n|-damage|p1a: Raging Bolt|91/100|[from] item: Life Orb\n|move|p2a: Calyrex|Draining Kiss|p1a: Raging Bolt\n|-supereffective|p1a: Raging Bolt\n|-damage|p1a: Raging Bolt|0 fnt\n|-heal|p2a: Calyrex|76/100|[from] drain|[of] p1a: Raging Bolt\n|faint|p1a: Raging Bolt\n|-end|p1a: Raging Bolt|Protosynthesis|[silent]\n|-ability|p2a: Calyrex|Grim Neigh|boost\n|-boost|p2a: Calyrex|spa|1\n|-damage|p2a: Calyrex|66/100|[from] item: Life Orb\n|move|p2b: Boomin'|U-turn|p1b: Koraidon\n|-resisted|p1b: Koraidon\n|-damage|p1b: Koraidon|90/100\n|\n|t:|1774721835\n|switch|p2b: Tornadus|Tornadus, L50, M|100/100|[from] U-turn\n|\n|-weather|SunnyDay|[upkeep]\n|-heal|p2a: Calyrex|72/100|[from] Grassy Terrain\n|-heal|p1b: Koraidon|96/100|[from] Grassy Terrain\n|upkeep\n|\n|t:|1774721846\n|switch|p1a: Farigiraf|Farigiraf, L50, M|100/100\n|turn|3\n|\n|t:|1774721854\n|move|p1b: Koraidon|Protect|p1b: Koraidon\n|-singleturn|p1b: Koraidon|Protect\n|move|p2a: Calyrex|Astral Barrage|p1b: Koraidon|[spread] \n|-activate|p1b: Koraidon|move: Protect\n|-immune|p1a: Farigiraf\n|move|p2b: Tornadus|Bleakwind Storm|p1a: Farigiraf|[spread] p1a\n|-activate|p1b: Koraidon|move: Protect\n|-damage|p1a: Farigiraf|72/100\n|move|p1a: Farigiraf|Thunder Wave|p2a: Calyrex\n|-status|p2a: Calyrex|par\n|\n|-weather|SunnyDay|[upkeep]\n|-heal|p1b: Koraidon|100/100|[from] Grassy Terrain\n|-heal|p2a: Calyrex|78/100 par|[from] Grassy Terrain\n|-heal|p1a: Farigiraf|77/100|[from] Grassy Terrain\n|upkeep\n|turn|4\n|inactive|Regei has 30 seconds left.\n|\n|t:|1774721884\n|-terastallize|p1b: Koraidon|Fire\n|move|p2b: Tornadus|Tailwind|p2b: Tornadus\n|-sidestart|p2: Galact7adi|move: Tailwind\n|move|p2a: Calyrex|Astral Barrage|p1a: Farigiraf|[spread] p1b\n|-immune|p1a: Farigiraf\n|-damage|p1b: Koraidon|0 fnt\n|faint|p1b: Koraidon\n|-ability|p2a: Calyrex|Grim Neigh|boost\n|-boost|p2a: Calyrex|spa|1\n|-damage|p2a: Calyrex|69/100 par|[from] item: Life Orb\n|move|p1a: Farigiraf|Thunder Wave|p2b: Tornadus\n|-status|p2b: Tornadus|par\n|\n|-weather|SunnyDay|[upkeep]\n|-heal|p2a: Calyrex|75/100 par|[from] Grassy Terrain\n|-heal|p1a: Farigiraf|83/100|[from] Grassy Terrain\n|upkeep\n|-message|Regei forfeited.\n|\n|win|Galact7adi\n|raw|Regei's rating: 1494 &rarr; <strong>1471</strong><br />(-23 for losing)\n|raw|Galact7adi's rating: 1433 &rarr; <strong>1456</strong><br />(+23 for winning)\n","uploadtime":1774721893,"views":71,"formatid":"gen9vgc2026regi","rating":1456,"private":0,"password":null}