{"id":"gen9vgc2026regi-2589872134","format":"[Gen 9] VGC 2026 Reg I","players":["TheManOfSausage","dawgtamerpuss"],"log":"|j|\u2606TheManOfSausage\n|j|\u2606dawgtamerpuss\n|t:|1776769405\n|gametype|doubles\n|player|p1|TheManOfSausage|miku-water|1619\n|player|p2|dawgtamerpuss|101|1506\n|gen|9\n|tier|[Gen 9] VGC 2026 Reg I\n|rated|\n|rule|Species Clause: Limit one of each Pok\u00e9mon\n|rule|Item Clause: Limit 1 of each item\n|clearpoke\n|poke|p1|Calyrex-Shadow, L50|\n|poke|p1|Miraidon, L50|\n|poke|p1|Clefairy, L50, M|\n|poke|p1|Rillaboom, L50, M|\n|poke|p1|Incineroar, L50, M|\n|poke|p1|Volcarona, L50, M|\n|poke|p2|Kyogre, L50|\n|poke|p2|Archaludon, L50, M|\n|poke|p2|Basculegion, L50, M|\n|poke|p2|Zamazenta-*, L50|\n|poke|p2|Whimsicott, L50, M|\n|poke|p2|Amoonguss, L50, M|\n|teampreview|4\n|inactive|Battle timer is ON: inactive players will automatically lose when time's up. (requested by dawgtamerpuss)\nTheManOfSausage has agreed to open team sheets.\n|inactive|dawgtamerpuss has 60 seconds left.\n|\n|t:|1776769439\n|teamsize|p1|4\n|teamsize|p2|4\n|start\n|switch|p1a: Magical Mirai|Miraidon, L50|100/100\n|switch|p1b: Rice Shower|Calyrex-Shadow, L50|100/100\n|switch|p2a: Kyogre|Kyogre, L50|100/100\n|switch|p2b: Zamazenta|Zamazenta-Crowned, L50|100/100\n|-ability|p1b: Rice Shower|As One\n|-ability|p1b: Rice Shower|Unnerve\n|-fieldstart|move: Electric Terrain|[from] ability: Hadron Engine|[of] p1a: Magical Mirai\n|-ability|p2b: Zamazenta|Dauntless Shield|boost\n|-boost|p2b: Zamazenta|def|1\n|-weather|RainDance|[from] ability: Drizzle|[of] p2a: Kyogre\n|turn|1\n|inactive|dawgtamerpuss has 30 seconds left.\n|\n|t:|1776769471\n|switch|p2a: Whimsicott|Whimsicott, L50, M, shiny|100/100\n|move|p2b: Zamazenta|Wide Guard|p2b: Zamazenta\n|-singleturn|p2b: Zamazenta|Wide Guard\n|move|p1a: Magical Mirai|Volt Switch|p2a: Whimsicott\n|-resisted|p2a: Whimsicott\n|-damage|p2a: Whimsicott|57/100\n|\n|t:|1776769475\n|switch|p1a: pipi|Clefairy, L50, M|100/100|[from] Volt Switch\n|move|p1b: Rice Shower|Nasty Plot|p1b: Rice Shower\n|-boost|p1b: Rice Shower|spa|2\n|\n|-weather|RainDance|[upkeep]\n|upkeep\n|turn|2\n|\n|t:|1776769491\n|move|p1a: pipi|Follow Me|p1a: pipi\n|-singleturn|p1a: pipi|move: Follow Me\n|move|p2a: Whimsicott|Encore|p1a: pipi\n|-start|p1a: pipi|Encore\n|move|p1b: Rice Shower|Astral Barrage|p2b: Zamazenta|[spread] p2a,p2b\n|-crit|p2b: Zamazenta\n|-damage|p2a: Whimsicott|0 fnt\n|-damage|p2b: Zamazenta|0 fnt\n|faint|p2a: Whimsicott\n|faint|p2b: Zamazenta\n|-ability|p1b: Rice Shower|Grim Neigh|boost\n|-boost|p1b: Rice Shower|spa|2\n|\n|-weather|RainDance|[upkeep]\n|upkeep\n|\n|t:|1776769501\n|switch|p2b: Basculegion|Basculegion, L50, M|100/100\n|switch|p2a: Kyogre|Kyogre, L50|100/100\n|turn|3\n|\n|t:|1776769509\n|move|p1a: pipi|Follow Me|p1a: pipi\n|-singleturn|p1a: pipi|move: Follow Me\n|move|p2b: Basculegion|Last Respects|p1a: pipi\n|-crit|p1a: pipi\n|-damage|p1a: pipi|0 fnt\n|faint|p1a: pipi\n|move|p1b: Rice Shower|Astral Barrage|p2b: Basculegion|[spread] p2a,p2b\n|-supereffective|p2b: Basculegion\n|-damage|p2a: Kyogre|0 fnt\n|-damage|p2b: Basculegion|0 fnt\n|faint|p2a: Kyogre\n|faint|p2b: Basculegion\n|\n|win|TheManOfSausage\n|raw|TheManOfSausage's rating: 1619 &rarr; <strong>1633</strong><br />(+14 for winning)\n|raw|dawgtamerpuss's rating: 1506 &rarr; <strong>1492</strong><br />(-14 for losing)\n|c|\u2606TheManOfSausage|gg\n|c|\u2606dawgtamerpuss|gg\n|l|\u2606dawgtamerpuss\n|player|p2|\n|l|\u2606TheManOfSausage\n|player|p1|\n","uploadtime":1776769686,"views":12,"formatid":"gen9vgc2026regi","rating":1492,"private":0,"password":null}