{"id":"gen9vgc2026regi-2565686028","format":"[Gen 9] VGC 2026 Reg I","players":["OUFR snakeburger","Jonen"],"log":"|j|\u2606OUFR snakeburger\n|j|\u2606Jonen\n|t:|1774295318\n|gametype|doubles\n|player|p1|OUFR snakeburger|169|1478\n|player|p2|Jonen|medium|1575\n|gen|9\n|tier|[Gen 9] VGC 2026 Reg I\n|rated|\n|rule|Species Clause: Limit one of each Pok\u00e9mon\n|rule|Item Clause: Limit 1 of each item\n|clearpoke\n|poke|p1|Calyrex-Shadow, L50|\n|poke|p1|Zamazenta-*, L50|\n|poke|p1|Chien-Pao, L50|\n|poke|p1|Dragonite, L50, M|\n|poke|p1|Raging Bolt, L50|\n|poke|p1|Amoonguss, L50, F|\n|poke|p2|Groudon, L50|\n|poke|p2|Lunala, L50|\n|poke|p2|Sableye, L50, M|\n|poke|p2|Chi-Yu, L50|\n|poke|p2|Rillaboom, L50, M|\n|poke|p2|Jumpluff, L50, M|\n|teampreview|4\n|c|\u2606OUFR snakeburger|glhf\n|\n|t:|1774295349\n|teamsize|p1|4\n|teamsize|p2|4\n|start\n|switch|p1a: Zamazenta|Zamazenta-Crowned, L50|100/100\n|switch|p1b: Chien-Pao|Chien-Pao, L50|100/100\n|switch|p2a: Groudon|Groudon, L50|100/100\n|switch|p2b: Jumpluff|Jumpluff, L50, M|100/100\n|-ability|p1b: Chien-Pao|Sword of Ruin\n|-ability|p1a: Zamazenta|Dauntless Shield|boost\n|-boost|p1a: Zamazenta|def|1\n|-weather|SunnyDay|[from] ability: Drought|[of] p2a: Groudon\n|turn|1\n|\n|t:|1774295387\n|-terastallize|p2a: Groudon|Fire\n|move|p2b: Jumpluff|Sleep Powder|p1a: Zamazenta\n|-status|p1a: Zamazenta|slp|[from] move: Sleep Powder\n|move|p1b: Chien-Pao|Ice Spinner|p2b: Jumpluff\n|-supereffective|p2b: Jumpluff\n|-damage|p2b: Jumpluff|0 fnt\n|faint|p2b: Jumpluff\n|cant|p1a: Zamazenta|slp\n|move|p2a: Groudon|Heat Crash|p1b: Chien-Pao\n|-supereffective|p1b: Chien-Pao\n|-damage|p1b: Chien-Pao|0 fnt\n|faint|p1b: Chien-Pao\n|-damage|p2a: Groudon|91/100|[from] item: Life Orb\n|\n|-weather|SunnyDay|[upkeep]\n|upkeep\n|\n|t:|1774295397\n|switch|p1b: Calyrex|Calyrex-Shadow, L50|100/100\n|switch|p2b: Chi-Yu|Chi-Yu, L50|100/100\n|-ability|p1b: Calyrex|As One\n|-ability|p1b: Calyrex|Unnerve\n|-ability|p2b: Chi-Yu|Beads of Ruin\n|turn|2\n|\n|t:|1774295410\n|-terastallize|p1a: Zamazenta|Dragon\n|cant|p1a: Zamazenta|slp\n|move|p2b: Chi-Yu|Snarl|p1a: Zamazenta|[spread] p1a,p1b\n|-supereffective|p1b: Calyrex\n|-damage|p1a: Zamazenta|78/100 slp\n|-enditem|p1b: Calyrex|Focus Sash\n|-damage|p1b: Calyrex|1/100\n|-unboost|p1a: Zamazenta|spa|1\n|-unboost|p1b: Calyrex|spa|1\n|move|p1b: Calyrex|Astral Barrage|p2b: Chi-Yu|[spread] p2a,p2b\n|-crit|p2a: Groudon\n|-resisted|p2b: Chi-Yu\n|-crit|p2b: Chi-Yu\n|-damage|p2a: Groudon|0 fnt\n|-damage|p2b: Chi-Yu|50/100\n|faint|p2a: Groudon\n|-ability|p1b: Calyrex|Grim Neigh|boost\n|-boost|p1b: Calyrex|spa|1\n|\n|-weather|SunnyDay|[upkeep]\n|upkeep\n|\n|t:|1774295423\n|switch|p2a: Lunala|Lunala, L50|100/100\n|turn|3\n|\n|t:|1774295432\n|move|p1b: Calyrex|Protect|p1b: Calyrex\n|-singleturn|p1b: Calyrex|Protect\n|move|p2b: Chi-Yu|Snarl|p1a: Zamazenta|[spread] p1a\n|-activate|p1b: Calyrex|move: Protect\n|-damage|p1a: Zamazenta|57/100 slp\n|-unboost|p1a: Zamazenta|spa|1\n|move|p2a: Lunala|Meteor Beam||[still]\n|-prepare|p2a: Lunala|Meteor Beam\n|-boost|p2a: Lunala|spa|1\n|-enditem|p2a: Lunala|Power Herb\n|-anim|p2a: Lunala|Meteor Beam|p1a: Zamazenta\n|-damage|p1a: Zamazenta|0 fnt\n|faint|p1a: Zamazenta\n|\n|-weather|SunnyDay|[upkeep]\n|upkeep\n|\n|t:|1774295444\n|switch|p1a: Amoonguss|Amoonguss, L50, F|100/100\n|turn|4\n|\n|t:|1774295451\n|move|p1b: Calyrex|Protect||[still]\n|-fail|p1b: Calyrex\n|move|p2b: Chi-Yu|Snarl|p1a: Amoonguss|[spread] p1a,p1b\n|-supereffective|p1b: Calyrex\n|-damage|p1a: Amoonguss|76/100\n|-damage|p1b: Calyrex|0 fnt\n|-unboost|p1a: Amoonguss|spa|1\n|faint|p1b: Calyrex\n|move|p2a: Lunala|Moongeist Beam|p1a: Amoonguss\n|-damage|p1a: Amoonguss|0 fnt\n|faint|p1a: Amoonguss\n|\n|win|Jonen\n|raw|OUFR snakeburger's rating: 1478 &rarr; <strong>1463</strong><br />(-15 for losing)\n|raw|Jonen's rating: 1575 &rarr; <strong>1590</strong><br />(+15 for winning)\n","uploadtime":1774295451,"views":11,"formatid":"gen9vgc2026regi","rating":1463,"private":0,"password":null}