{"id":"gen9vgc2026regi-2538719410","format":"[Gen 9] VGC 2026 Reg I","players":["ServantOfTheLORD","blackred123"],"log":"|j|\u2606ServantOfTheLORD\n|j|\u2606blackred123\n|t:|1770962318\n|gametype|doubles\n|player|p1|ServantOfTheLORD|n|1332\n|player|p2|blackred123|iono-masters|1416\n|gen|9\n|tier|[Gen 9] VGC 2026 Reg I\n|rated|\n|rule|Species Clause: Limit one of each Pok\u00e9mon\n|rule|Item Clause: Limit 1 of each item\n|clearpoke\n|poke|p1|Luxray, L50, M|\n|poke|p1|Koraidon, L50|\n|poke|p1|Flutter Mane, L50|\n|poke|p1|Groudon, L50|\n|poke|p1|Venusaur, L50, M|\n|poke|p1|Torkoal, L50, M|\n|poke|p2|Zamazenta-*, L50|\n|poke|p2|Calyrex-Shadow, L50|\n|poke|p2|Rillaboom, L50, F|\n|poke|p2|Raging Bolt, L50|\n|poke|p2|Ogerpon-Cornerstone, L50, F|\n|poke|p2|Tornadus, L50, M|\n|teampreview|4\n|inactive|Battle timer is ON: inactive players will automatically lose when time's up. (requested by ServantOfTheLORD)\n|inactive|blackred123 also wants the timer to be on.\n|\n|t:|1770962340\n|teamsize|p1|4\n|teamsize|p2|4\n|start\n|switch|p1a: Groudon|Groudon, L50|100/100\n|switch|p1b: Luxray|Luxray, L50, M|100/100\n|switch|p2a: \u8352\u672c\u5148\u751f-\u8001\u8d44\u5386|Raging Bolt, L50|100/100\n|switch|p2b: \u963f\u77b3|Ogerpon-Cornerstone, L50, F|100/100\n|-weather|SunnyDay|[from] ability: Drought|[of] p1a: Groudon\n|-activate|p2a: \u8352\u672c\u5148\u751f-\u8001\u8d44\u5386|ability: Protosynthesis\n|-start|p2a: \u8352\u672c\u5148\u751f-\u8001\u8d44\u5386|protosynthesisspa\n|-ability|p1b: Luxray|Intimidate|boost\n|-unboost|p2a: \u8352\u672c\u5148\u751f-\u8001\u8d44\u5386|atk|1\n|-unboost|p2b: \u963f\u77b3|atk|1\n|turn|1\n|inactive|ServantOfTheLORD has 30 seconds left.\n|inactive|ServantOfTheLORD has 20 seconds left.\n|\n|t:|1770962378\n|move|p2a: \u8352\u672c\u5148\u751f-\u8001\u8d44\u5386|Protect|p2a: \u8352\u672c\u5148\u751f-\u8001\u8d44\u5386\n|-singleturn|p2a: \u8352\u672c\u5148\u751f-\u8001\u8d44\u5386|Protect\n|move|p2b: \u963f\u77b3|Wood Hammer|p1a: Groudon\n|-supereffective|p1a: Groudon\n|-damage|p1a: Groudon|39/100\n|-damage|p2b: \u963f\u77b3|73/100|[from] Recoil\n|move|p1a: Groudon|Precipice Blades|p2a: \u8352\u672c\u5148\u751f-\u8001\u8d44\u5386|[spread] p2b\n|-activate|p2a: \u8352\u672c\u5148\u751f-\u8001\u8d44\u5386|move: Protect\n|-damage|p2b: \u963f\u77b3|0 fnt\n|faint|p2b: \u963f\u77b3\n|move|p1b: Luxray|Snarl|p2a: \u8352\u672c\u5148\u751f-\u8001\u8d44\u5386\n|-activate|p2a: \u8352\u672c\u5148\u751f-\u8001\u8d44\u5386|move: Protect\n|\n|-weather|SunnyDay|[upkeep]\n|upkeep\n|\n|t:|1770962390\n|switch|p2b: \u6591\u9a6c\u662f\u9a74\uff01?|Calyrex-Shadow, L50|100/100\n|-ability|p2b: \u6591\u9a6c\u662f\u9a74\uff01?|As One\n|-ability|p2b: \u6591\u9a6c\u662f\u9a74\uff01?|Unnerve\n|turn|2\n|\n|t:|1770962400\n|-terastallize|p1b: Luxray|Dark\n|move|p2a: \u8352\u672c\u5148\u751f-\u8001\u8d44\u5386|Thunderclap|p1b: Luxray\n|-damage|p1b: Luxray|45/100\n|-damage|p2a: \u8352\u672c\u5148\u751f-\u8001\u8d44\u5386|91/100|[from] item: Life Orb\n|move|p2b: \u6591\u9a6c\u662f\u9a74\uff01?|Astral Barrage|p1a: Groudon|[spread] p1a,p1b\n|-resisted|p1b: Luxray\n|-damage|p1a: Groudon|4/100\n|-damage|p1b: Luxray|25/100\n|move|p1a: Groudon|Precipice Blades|p2a: \u8352\u672c\u5148\u751f-\u8001\u8d44\u5386|[spread] p2a,p2b\n|-supereffective|p2a: \u8352\u672c\u5148\u751f-\u8001\u8d44\u5386\n|-damage|p2a: \u8352\u672c\u5148\u751f-\u8001\u8d44\u5386|0 fnt\n|-damage|p2b: \u6591\u9a6c\u662f\u9a74\uff01?|28/100\n|faint|p2a: \u8352\u672c\u5148\u751f-\u8001\u8d44\u5386\n|-end|p2a: \u8352\u672c\u5148\u751f-\u8001\u8d44\u5386|Protosynthesis|[silent]\n|move|p1b: Luxray|Snarl|p2b: \u6591\u9a6c\u662f\u9a74\uff01?\n|-supereffective|p2b: \u6591\u9a6c\u662f\u9a74\uff01?\n|-damage|p2b: \u6591\u9a6c\u662f\u9a74\uff01?|0 fnt\n|faint|p2b: \u6591\u9a6c\u662f\u9a74\uff01?\n|\n|-weather|SunnyDay|[upkeep]\n|upkeep\n|\n|t:|1770962411\n|switch|p2b: \u5170\u534e|Zamazenta-Crowned, L50, shiny|100/100\n|-ability|p2b: \u5170\u534e|Dauntless Shield|boost\n|-boost|p2b: \u5170\u534e|def|1\n|turn|3\n|inactive|ServantOfTheLORD has 30 seconds left.\n|\n|t:|1770962439\n|move|p2b: \u5170\u534e|Body Press|p1b: Luxray\n|-supereffective|p1b: Luxray\n|-damage|p1b: Luxray|0 fnt\n|-damage|p2b: \u5170\u534e|84/100|[from] item: Rocky Helmet|[of] p1b: Luxray\n|faint|p1b: Luxray\n|move|p1a: Groudon|Precipice Blades|p2b: \u5170\u534e\n|-supereffective|p2b: \u5170\u534e\n|-damage|p2b: \u5170\u534e|23/100\n|\n|-weather|SunnyDay|[upkeep]\n|upkeep\n|\n|t:|1770962444\n|switch|p1b: Koraidon|Koraidon, L50|100/100\n|-activate|p1b: Koraidon|ability: Orichalcum Pulse\n|turn|4\n|-message|blackred123 forfeited.\n|\n|win|ServantOfTheLORD\n|raw|ServantOfTheLORD's rating: 1332 &rarr; <strong>1357</strong><br />(+25 for winning)\n|raw|blackred123's rating: 1416 &rarr; <strong>1391</strong><br />(-25 for losing)\n|l|\u2606blackred123\n|player|p2|\n|j|\u2606blackred123\n|player|p2|blackred123|iono-masters|\n|l|\u2606ServantOfTheLORD\n|player|p1|\n","uploadtime":1770962622,"views":22,"formatid":"gen9vgc2026regi","rating":1357,"private":0,"password":null}