{"id":"gen9vgc2026regi-2560347162","format":"[Gen 9] VGC 2026 Reg I","players":["curfy119","Realfrytki"],"log":"|j|\u2606curfy119\n|j|\u2606Realfrytki\n|t:|1773679297\n|gametype|doubles\n|player|p1|curfy119|266|1441\n|player|p2|Realfrytki|veteranf|1382\n|gen|9\n|tier|[Gen 9] VGC 2026 Reg I\n|rated|\n|rule|Species Clause: Limit one of each Pok\u00e9mon\n|rule|Item Clause: Limit 1 of each item\n|clearpoke\n|poke|p1|Zacian-*, L50|\n|poke|p1|Lunala, L50|\n|poke|p1|Umbreon, L50, F|\n|poke|p1|Urshifu-*, L50, M|\n|poke|p1|Rillaboom, L50, M|\n|poke|p1|Thundurus, L50, M|\n|poke|p2|Calyrex-Shadow, L50|\n|poke|p2|Terapagos, L50, M|\n|poke|p2|Iron Hands, L50|\n|poke|p2|Chi-Yu, L50|\n|poke|p2|Smeargle, L50, M|\n|poke|p2|Whimsicott, L50, M|\n|teampreview|4\n|inactive|Battle timer is ON: inactive players will automatically lose when time's up. (requested by curfy119)\n|inactive|curfy119 has 60 seconds left.\n|\n|t:|1773679337\n|teamsize|p1|4\n|teamsize|p2|4\n|start\n|switch|p1a: Rillaboom|Rillaboom, L50, M|100/100\n|switch|p1b: Zacian|Zacian-Crowned, L50|100/100\n|switch|p2a: Smeargle|Smeargle, L50, M|100/100\n|switch|p2b: Terapagos|Terapagos, L50, M|100/100\n|-activate|p2b: Terapagos|ability: Tera Shift\n|detailschange|p2b: Terapagos|Terapagos-Terastal, L50, M\n|-heal|p2b: Terapagos|100/100|[silent]\n|-ability|p1b: Zacian|Intrepid Sword|boost\n|-boost|p1b: Zacian|atk|1\n|-fieldstart|move: Grassy Terrain|[from] ability: Grassy Surge|[of] p1a: Rillaboom\n|turn|1\n|\n|t:|1773679361\n|-terastallize|p2b: Terapagos|Stellar\n|detailschange|p2b: Terapagos|Terapagos-Stellar, L50, M, tera:Stellar\n|-heal|p2b: Terapagos|100/100|[silent]\n|-ability|p2b: Terapagos|Teraform Zero\n|-fieldend|move: Grassy Terrain\n|move|p2a: Smeargle|Fake Out|p1a: Rillaboom\n|-damage|p1a: Rillaboom|95/100\n|move|p1b: Zacian|Behemoth Blade|p2a: Smeargle\n|-enditem|p2a: Smeargle|Focus Sash\n|-damage|p2a: Smeargle|1/100\n|cant|p1a: Rillaboom|flinch\n|move|p2b: Terapagos|Tera Starstorm|p1b: Zacian|[spread] p1a,p1b\n|-damage|p1a: Rillaboom|52/100\n|-damage|p1b: Zacian|45/100\n|\n|-ability|p2a: Smeargle|Moody|boost\n|-boost|p2a: Smeargle|atk|2\n|-unboost|p2a: Smeargle|spd|1\n|upkeep\n|turn|2\n|\n|t:|1773679386\n|move|p1b: Zacian|Protect|p1b: Zacian\n|-singleturn|p1b: Zacian|Protect\n|move|p2a: Smeargle|Follow Me|p2a: Smeargle\n|-singleturn|p2a: Smeargle|move: Follow Me\n|move|p1a: Rillaboom|U-turn|p2a: Smeargle\n|-damage|p2a: Smeargle|0 fnt\n|faint|p2a: Smeargle\n|\n|t:|1773679395\n|switch|p1a: Umbreon|Umbreon, L50, F, shiny|100/100|[from] U-turn\n|move|p2b: Terapagos|Tera Starstorm|p1b: Zacian|[spread] p1a\n|-activate|p1b: Zacian|move: Protect\n|-damage|p1a: Umbreon|62/100\n|\n|upkeep\n|\n|t:|1773679403\n|switch|p2a: Chi-Yu|Chi-Yu, L50|100/100\n|-ability|p2a: Chi-Yu|Beads of Ruin\n|turn|3\n|j| WeR4-2nd\n|\n|t:|1773679413\n|-terastallize|p1b: Zacian|Fairy\n|move|p1a: Umbreon|Helping Hand|p1b: Zacian\n|-singleturn|p1b: Zacian|Helping Hand|[of] p1a: Umbreon\n|move|p2a: Chi-Yu|Heat Wave|p1b: Zacian|[spread] p1a,p1b\n|-crit|p1b: Zacian\n|-damage|p1a: Umbreon|29/100\n|-damage|p1b: Zacian|0 fnt\n|faint|p1b: Zacian\n|move|p2b: Terapagos|Tera Starstorm|p1a: Umbreon\n|-damage|p1a: Umbreon|0 fnt\n|faint|p1a: Umbreon\n|\n|upkeep\n|-message|curfy119 forfeited.\n|\n|win|Realfrytki\n|raw|curfy119's rating: 1441 &rarr; <strong>1418</strong><br />(-23 for losing)\n|raw|Realfrytki's rating: 1382 &rarr; <strong>1405</strong><br />(+23 for winning)\n|l|\u2606curfy119\n|player|p1|\n|l|\u2606Realfrytki\n|player|p2|\n|l| WeR4-2nd\n","uploadtime":1773679623,"views":14,"formatid":"gen9vgc2026regi","rating":1405,"private":0,"password":null}