{"id":"gen9vgc2026regi-2538217478","format":"[Gen 9] VGC 2026 Reg I","players":["blackred123","kkSST"],"log":"|j|\u2606blackred123\n|j|\u2606kkSST\n|t:|1770907356\n|gametype|doubles\n|player|p1|blackred123|iono-masters|1491\n|player|p2|kkSST|caitlin|1544\n|gen|9\n|tier|[Gen 9] VGC 2026 Reg I\n|rated|\n|rule|Species Clause: Limit one of each Pok\u00e9mon\n|rule|Item Clause: Limit 1 of each item\n|clearpoke\n|poke|p1|Calyrex-Shadow, L50|\n|poke|p1|Zamazenta-*, L50|\n|poke|p1|Roaring Moon, L50|\n|poke|p1|Maushold-Four, L50|\n|poke|p1|Weezing, L50, F|\n|poke|p1|Amoonguss, L50, M|\n|poke|p2|Calyrex-Shadow, L50|\n|poke|p2|Grimmsnarl, L50, M|\n|poke|p2|Incineroar, L50, M|\n|poke|p2|Rillaboom, L50, M|\n|poke|p2|Koraidon, L50|\n|poke|p2|Clefairy, L50, F|\n|teampreview|4\n|inactive|Battle timer is ON: inactive players will automatically lose when time's up. (requested by blackred123)\n|\n|t:|1770907373\n|teamsize|p1|4\n|teamsize|p2|4\n|start\n|switch|p1a: Zamazenta|Zamazenta-Crowned, L50|100/100\n|switch|p1b: Roaring Moon|Roaring Moon, L50, shiny|100/100\n|switch|p2a: \u9ecf\u571f\u5f00\u5899\u5de8\u9b54|Grimmsnarl, L50, M, shiny|100/100\n|switch|p2b: \u592a\u5996\u5f3a\u5316\u9ed1\u9a6c|Calyrex-Shadow, L50|100/100\n|-ability|p2b: \u592a\u5996\u5f3a\u5316\u9ed1\u9a6c|As One\n|-ability|p2b: \u592a\u5996\u5f3a\u5316\u9ed1\u9a6c|Unnerve\n|-ability|p1a: Zamazenta|Dauntless Shield|boost\n|-boost|p1a: Zamazenta|def|1\n|-enditem|p1b: Roaring Moon|Booster Energy\n|-activate|p1b: Roaring Moon|ability: Protosynthesis|[fromitem]\n|-start|p1b: Roaring Moon|protosynthesisspe\n|turn|1\n|\n|t:|1770907380\n|switch|p2b: \u80cc\u5fc3\u7279\u9632\u8001\u864e|Incineroar, L50, M, shiny|100/100\n|-ability|p2b: \u80cc\u5fc3\u7279\u9632\u8001\u864e|Intimidate|boost\n|-unboost|p1a: Zamazenta|atk|1\n|-unboost|p1b: Roaring Moon|atk|1\n|move|p1b: Roaring Moon|Knock Off|p2b: \u80cc\u5fc3\u7279\u9632\u8001\u864e\n|-resisted|p2b: \u80cc\u5fc3\u7279\u9632\u8001\u864e\n|-damage|p2b: \u80cc\u5fc3\u7279\u9632\u8001\u864e|89/100\n|-damage|p1b: Roaring Moon|84/100|[from] item: Rocky Helmet|[of] p2b: \u80cc\u5fc3\u7279\u9632\u8001\u864e\n|-enditem|p2b: \u80cc\u5fc3\u7279\u9632\u8001\u864e|Rocky Helmet|[from] move: Knock Off|[of] p1b: Roaring Moon\n|move|p1a: Zamazenta|Heavy Slam|p2a: \u9ecf\u571f\u5f00\u5899\u5de8\u9b54\n|-supereffective|p2a: \u9ecf\u571f\u5f00\u5899\u5de8\u9b54\n|-damage|p2a: \u9ecf\u571f\u5f00\u5899\u5de8\u9b54|38/100\n|move|p2a: \u9ecf\u571f\u5f00\u5899\u5de8\u9b54|Spirit Break|p1b: Roaring Moon\n|-supereffective|p1b: Roaring Moon\n|-damage|p1b: Roaring Moon|0 fnt\n|faint|p1b: Roaring Moon\n|-end|p1b: Roaring Moon|Protosynthesis|[silent]\n|\n|upkeep\n|\n|t:|1770907399\n|switch|p1b: Calyrex|Calyrex-Shadow, L50|100/100\n|-ability|p1b: Calyrex|As One\n|-ability|p1b: Calyrex|Unnerve\n|turn|2\n|inactive|kkSST has 30 seconds left.\n|\n|t:|1770907425\n|-terastallize|p1b: Calyrex|Ghost\n|move|p2a: \u9ecf\u571f\u5f00\u5899\u5de8\u9b54|Taunt|p1a: Zamazenta\n|-start|p1a: Zamazenta|move: Taunt\n|move|p1b: Calyrex|Astral Barrage|p2a: \u9ecf\u571f\u5f00\u5899\u5de8\u9b54|[spread] p2a,p2b\n|-resisted|p2a: \u9ecf\u571f\u5f00\u5899\u5de8\u9b54\n|-resisted|p2b: \u80cc\u5fc3\u7279\u9632\u8001\u864e\n|-damage|p2a: \u9ecf\u571f\u5f00\u5899\u5de8\u9b54|0 fnt\n|-damage|p2b: \u80cc\u5fc3\u7279\u9632\u8001\u864e|30/100\n|faint|p2a: \u9ecf\u571f\u5f00\u5899\u5de8\u9b54\n|-ability|p1b: Calyrex|Grim Neigh|boost\n|-boost|p1b: Calyrex|spa|1\n|move|p1a: Zamazenta|Body Press|p2b: \u80cc\u5fc3\u7279\u9632\u8001\u864e\n|-supereffective|p2b: \u80cc\u5fc3\u7279\u9632\u8001\u864e\n|-damage|p2b: \u80cc\u5fc3\u7279\u9632\u8001\u864e|0 fnt\n|faint|p2b: \u80cc\u5fc3\u7279\u9632\u8001\u864e\n|\n|upkeep\n|\n|t:|1770907433\n|switch|p2b: \u6807\u51c6\u5760\u9970\u6597\u9f99|Koraidon, L50|100/100\n|switch|p2a: \u592a\u5996\u5f3a\u5316\u9ed1\u9a6c|Calyrex-Shadow, L50|100/100\n|-ability|p2a: \u592a\u5996\u5f3a\u5316\u9ed1\u9a6c|As One\n|-ability|p2a: \u592a\u5996\u5f3a\u5316\u9ed1\u9a6c|Unnerve\n|-weather|SunnyDay|[from] ability: Orichalcum Pulse|[of] p2b: \u6807\u51c6\u5760\u9970\u6597\u9f99\n|-activate|p2b: \u6807\u51c6\u5760\u9970\u6597\u9f99|Orichalcum Pulse|[source]\n|turn|3\n|\n|t:|1770907448\n|-terastallize|p2a: \u592a\u5996\u5f3a\u5316\u9ed1\u9a6c|Ghost\n|move|p2b: \u6807\u51c6\u5760\u9970\u6597\u9f99|Collision Course|p1a: Zamazenta\n|-supereffective|p1a: Zamazenta\n|-damage|p1a: Zamazenta|26/100\n|move|p2a: \u592a\u5996\u5f3a\u5316\u9ed1\u9a6c|Astral Barrage|p1a: Zamazenta|[spread] p1a,p1b\n|-supereffective|p1b: Calyrex\n|-damage|p1a: Zamazenta|0 fnt\n|-damage|p1b: Calyrex|0 fnt\n|faint|p1a: Zamazenta\n|faint|p1b: Calyrex\n|-ability|p2a: \u592a\u5996\u5f3a\u5316\u9ed1\u9a6c|Grim Neigh|boost\n|-boost|p2a: \u592a\u5996\u5f3a\u5316\u9ed1\u9a6c|spa|2\n|\n|-weather|SunnyDay|[upkeep]\n|upkeep\n|-message|blackred123 forfeited.\n|\n|win|kkSST\n|raw|blackred123's rating: 1491 &rarr; <strong>1474</strong><br />(-17 for losing)\n|raw|kkSST's rating: 1544 &rarr; <strong>1561</strong><br />(+17 for winning)\n|l|\u2606blackred123\n|player|p1|\n|l|\u2606kkSST\n|player|p2|\n","uploadtime":1770907682,"views":28,"formatid":"gen9vgc2026regi","rating":1474,"private":0,"password":null}