{"id":"gen9vgc2026regi-2567049643","format":"[Gen 9] VGC 2026 Reg I","players":["Graves Wu","Realfrytki"],"log":"|j|\u2606Graves Wu\n|j|\u2606Realfrytki\n|t:|1774444872\n|gametype|doubles\n|player|p1|Graves Wu|steven|1487\n|player|p2|Realfrytki|veteranf|1536\n|gen|9\n|tier|[Gen 9] VGC 2026 Reg I\n|rated|\n|rule|Species Clause: Limit one of each Pok\u00e9mon\n|rule|Item Clause: Limit 1 of each item\n|clearpoke\n|poke|p1|Calyrex-Shadow, L50|\n|poke|p1|Zamazenta-*, L50|\n|poke|p1|Roaring Moon, L50|\n|poke|p1|Maushold, L50|\n|poke|p1|Weezing, L50, M|\n|poke|p1|Amoonguss, L50, M|\n|poke|p2|Terapagos, L50, M|\n|poke|p2|Grimmsnarl, L50, M|\n|poke|p2|Volcarona, L50, F|\n|poke|p2|Miraidon, L50|\n|poke|p2|Iron Hands, L50|\n|poke|p2|Amoonguss, L50, F|\n|teampreview|4\n|inactive|Battle timer is ON: inactive players will automatically lose when time's up. (requested by Graves Wu)\n|inactive|Graves Wu has 60 seconds left.\n|inactive|Graves Wu has 30 seconds left.\n|inactive|Graves Wu has 20 seconds left.\n|inactive|Graves Wu has 15 seconds left.\n|inactive|Graves Wu has 10 seconds left.\n|inactive|Graves Wu has 5 seconds left.\n|\n|t:|1774444963\n|teamsize|p1|4\n|teamsize|p2|4\n|start\n|switch|p1a: Calyrex|Calyrex-Shadow, L50|100/100\n|switch|p1b: Zamazenta|Zamazenta-Crowned, L50, shiny|100/100\n|switch|p2a: Grimmsnarl|Grimmsnarl, L50, M|100/100\n|switch|p2b: Miraidon|Miraidon, L50|100/100\n|-ability|p1a: Calyrex|As One\n|-ability|p1a: Calyrex|Unnerve\n|-fieldstart|move: Electric Terrain|[from] ability: Hadron Engine|[of] p2b: Miraidon\n|-ability|p1b: Zamazenta|Dauntless Shield|boost\n|-boost|p1b: Zamazenta|def|1\n|turn|1\n|\n|t:|1774444981\n|-terastallize|p1a: Calyrex|Ghost\n|move|p2a: Grimmsnarl|Fake Tears|p1b: Zamazenta\n|-unboost|p1b: Zamazenta|spd|2\n|move|p1a: Calyrex|Astral Barrage|p2b: Miraidon|[spread] p2a,p2b\n|-resisted|p2a: Grimmsnarl\n|-damage|p2a: Grimmsnarl|50/100\n|-damage|p2b: Miraidon|0 fnt\n|faint|p2b: Miraidon\n|-ability|p1a: Calyrex|Grim Neigh|boost\n|-boost|p1a: Calyrex|spa|1\n|move|p1b: Zamazenta|Heavy Slam|p2a: Grimmsnarl\n|-supereffective|p2a: Grimmsnarl\n|-damage|p2a: Grimmsnarl|0 fnt\n|faint|p2a: Grimmsnarl\n|\n|upkeep\n|\n|t:|1774444997\n|switch|p2b: Terapagos|Terapagos, L50, M|100/100\n|switch|p2a: Volcarona|Volcarona, L50, F|100/100\n|-activate|p2b: Terapagos|ability: Tera Shift\n|detailschange|p2b: Terapagos|Terapagos-Terastal, L50, M\n|-heal|p2b: Terapagos|100/100|[silent]\n|turn|2\n|inactive|Graves Wu has 30 seconds left.\n|inactive|Graves Wu has 20 seconds left.\n|inactive|Graves Wu has 15 seconds left.\n|inactive|Graves Wu has 10 seconds left.\n|inactive|Graves Wu has 5 seconds left.\n|\n|t:|1774445048\n|switch|p1b: Roaring Moon|Roaring Moon, L50|100/100\n|-enditem|p1b: Roaring Moon|Booster Energy\n|-activate|p1b: Roaring Moon|ability: Protosynthesis|[fromitem]\n|-start|p1b: Roaring Moon|protosynthesisspe\n|-terastallize|p2b: Terapagos|Stellar\n|detailschange|p2b: Terapagos|Terapagos-Stellar, L50, M, tera:Stellar\n|-heal|p2b: Terapagos|100/100|[silent]\n|-ability|p2b: Terapagos|Teraform Zero\n|-fieldend|move: Electric Terrain\n|move|p1a: Calyrex|Astral Barrage|p2b: Terapagos|[spread] p2a\n|-immune|p2b: Terapagos\n|-damage|p2a: Volcarona|0 fnt\n|faint|p2a: Volcarona\n|-ability|p1a: Calyrex|Grim Neigh|boost\n|-boost|p1a: Calyrex|spa|1\n|move|p2b: Terapagos|Tera Starstorm|p1b: Roaring Moon|[spread] p1a,p1b\n|-supereffective|p1a: Calyrex\n|-damage|p1a: Calyrex|0 fnt\n|-damage|p1b: Roaring Moon|46/100\n|faint|p1a: Calyrex\n|\n|upkeep\n|-message|Realfrytki forfeited.\n|\n|win|Graves Wu\n|raw|Graves Wu's rating: 1487 &rarr; <strong>1510</strong><br />(+23 for winning)\n|raw|Realfrytki's rating: 1536 &rarr; <strong>1513</strong><br />(-23 for losing)\n|l|\u2606Realfrytki\n|player|p2|\n|l|\u2606Graves Wu\n|player|p1|\n","uploadtime":1774445335,"views":12,"formatid":"gen9vgc2026regi","rating":1510,"private":0,"password":null}