{"id":"gen9vgc2026regi-2568555530","format":"[Gen 9] VGC 2026 Reg I","players":["WheresWally2241","MarSky"],"log":"|j|\u2606WheresWally2241\n|j|\u2606MarSky\n|t:|1774595658\n|gametype|doubles\n|player|p1|WheresWally2241|102|1317\n|player|p2|MarSky|2|1357\n|gen|9\n|tier|[Gen 9] VGC 2026 Reg I\n|rated|\n|rule|Species Clause: Limit one of each Pok\u00e9mon\n|rule|Item Clause: Limit 1 of each item\n|clearpoke\n|poke|p1|Indeedee-F, L50, F|\n|poke|p1|Iron Crown, L50|\n|poke|p1|Urshifu-*, L50, M|\n|poke|p1|Tornadus, L50, M|\n|poke|p1|Ogerpon-Hearthflame, L50, F|\n|poke|p1|Landorus-Therian, L50, M|\n|poke|p2|Calyrex-Shadow, L50|\n|poke|p2|Zamazenta-*, L50|\n|poke|p2|Chien-Pao, L50|\n|poke|p2|Dragonite, L50, F|\n|poke|p2|Raging Bolt, L50|\n|poke|p2|Amoonguss, L50, F|\n|teampreview|4\n|inactive|Battle timer is ON: inactive players will automatically lose when time's up. (requested by WheresWally2241)\n|\n|t:|1774595698\n|teamsize|p1|4\n|teamsize|p2|4\n|start\n|switch|p1a: Landorus|Landorus-Therian, L50, M|100/100\n|switch|p1b: Urshifu|Urshifu-Rapid-Strike, L50, M|100/100\n|switch|p2a: Calyrex|Calyrex-Shadow, L50|100/100\n|switch|p2b: Zamazenta|Zamazenta-Crowned, L50|100/100\n|-ability|p2a: Calyrex|As One\n|-ability|p2a: Calyrex|Unnerve\n|-ability|p1a: Landorus|Intimidate|boost\n|-unboost|p2a: Calyrex|atk|1\n|-unboost|p2b: Zamazenta|atk|1\n|-ability|p2b: Zamazenta|Dauntless Shield|boost\n|-boost|p2b: Zamazenta|def|1\n|turn|1\n|inactive|WheresWally2241 has 30 seconds left.\n|\n|t:|1774595723\n|switch|p2a: Raging Bolt|Raging Bolt, L50|100/100\n|-enditem|p2a: Raging Bolt|Booster Energy\n|-activate|p2a: Raging Bolt|ability: Protosynthesis|[fromitem]\n|-start|p2a: Raging Bolt|protosynthesisspa\n|switch|p1b: Indeedee|Indeedee-F, L50, F|100/100\n|-fieldstart|move: Psychic Terrain|[from] ability: Psychic Surge|[of] p1b: Indeedee\n|-terastallize|p1a: Landorus|Steel\n|-terastallize|p2b: Zamazenta|Dragon\n|move|p1a: Landorus|Earthquake|p2a: Raging Bolt|[spread] p1b,p2a,p2b\n|-supereffective|p2a: Raging Bolt\n|-damage|p1b: Indeedee|44/100\n|-damage|p2a: Raging Bolt|4/100\n|-damage|p2b: Zamazenta|80/100\n|move|p2b: Zamazenta|Body Press|p1b: Indeedee\n|-damage|p1b: Indeedee|0 fnt\n|-damage|p2b: Zamazenta|64/100|[from] item: Rocky Helmet|[of] p1b: Indeedee\n|faint|p1b: Indeedee\n|\n|upkeep\n|\n|t:|1774595744\n|switch|p1b: Iron Crown|Iron Crown, L50|100/100\n|-enditem|p1b: Iron Crown|Booster Energy\n|-activate|p1b: Iron Crown|ability: Quark Drive|[fromitem]\n|-start|p1b: Iron Crown|quarkdrivespa\n|turn|2\n|\n|t:|1774595758\n|switch|p1a: Urshifu|Urshifu-Rapid-Strike, L50, M|100/100\n|move|p2b: Zamazenta|Wide Guard|p2b: Zamazenta\n|-singleturn|p2b: Zamazenta|Wide Guard\n|move|p1b: Iron Crown|Expanding Force|p2b: Zamazenta|[spread] \n|-activate|p2a: Raging Bolt|move: Wide Guard\n|-activate|p2b: Zamazenta|move: Wide Guard\n|move|p2a: Raging Bolt|Thunderbolt|p1b: Iron Crown\n|-damage|p1b: Iron Crown|42/100\n|\n|upkeep\n|turn|3\n|inactive|MarSky has 30 seconds left.\n|\n|t:|1774595784\n|move|p2b: Zamazenta|Body Press|p1b: Iron Crown\n|-damage|p1b: Iron Crown|0 fnt\n|faint|p1b: Iron Crown\n|-end|p1b: Iron Crown|Quark Drive|[silent]\n|move|p1a: Urshifu|Close Combat|p2b: Zamazenta\n|-damage|p2b: Zamazenta|40/100\n|-unboost|p1a: Urshifu|def|1\n|-unboost|p1a: Urshifu|spd|1\n|move|p2a: Raging Bolt|Thunderbolt|p1a: Urshifu\n|-supereffective|p1a: Urshifu\n|-enditem|p1a: Urshifu|Focus Sash\n|-damage|p1a: Urshifu|1/100\n|\n|upkeep\n|\n|t:|1774595788\n|switch|p1b: Landorus|Landorus-Therian, L50, M, tera:Steel|100/100\n|-ability|p1b: Landorus|Intimidate|boost\n|-unboost|p2a: Raging Bolt|atk|1\n|-unboost|p2b: Zamazenta|atk|1\n|turn|4\n|\n|t:|1774595800\n|move|p1a: Urshifu|Protect|p1a: Urshifu\n|-singleturn|p1a: Urshifu|Protect\n|move|p1b: Landorus|Rock Slide|p2b: Zamazenta|[spread] p2a,p2b\n|-damage|p2a: Raging Bolt|0 fnt\n|-damage|p2b: Zamazenta|29/100\n|faint|p2a: Raging Bolt\n|-end|p2a: Raging Bolt|Protosynthesis|[silent]\n|move|p2b: Zamazenta|Body Press|p1b: Landorus\n|-supereffective|p1b: Landorus\n|-damage|p1b: Landorus|0 fnt\n|faint|p1b: Landorus\n|\n|upkeep\n|-message|WheresWally2241 forfeited.\n|\n|win|MarSky\n|raw|WheresWally2241's rating: 1317 &rarr; <strong>1299</strong><br />(-18 for losing)\n|raw|MarSky's rating: 1357 &rarr; <strong>1375</strong><br />(+18 for winning)\n|l|\u2606WheresWally2241\n|player|p1|\n|l|\u2606MarSky\n|player|p2|\n","uploadtime":1774596077,"views":10,"formatid":"gen9vgc2026regi","rating":1299,"private":0,"password":null}