{"id":"gen9vgc2026regi-2559402245","format":"[Gen 9] VGC 2026 Reg I","players":["aryan7901","terafireflareblitz"],"log":"|j|\u2606aryan7901\n|j|\u2606terafireflareblitz\n|t:|1773559653\n|gametype|doubles\n|player|p1|aryan7901|1|1111\n|player|p2|terafireflareblitz|sycamore|1171\n|gen|9\n|tier|[Gen 9] VGC 2026 Reg I\n|rated|\n|rule|Species Clause: Limit one of each Pok\u00e9mon\n|rule|Item Clause: Limit 1 of each item\n|clearpoke\n|poke|p1|Groudon, L50|\n|poke|p1|Venusaur, L50, F|\n|poke|p1|Charizard, L50, F|\n|poke|p1|Smeargle, L50, M|\n|poke|p1|Raging Bolt, L50|\n|poke|p1|Koraidon, L50|\n|poke|p2|Koraidon, L50|\n|poke|p2|Lunala, L50|\n|poke|p2|Indeedee-F, L50, F|\n|poke|p2|Flutter Mane, L50|\n|poke|p2|Chi-Yu, L50|\n|poke|p2|Ursaluna, L50, M|\n|teampreview|4\n|inactive|Battle timer is ON: inactive players will automatically lose when time's up. (requested by terafireflareblitz)\n|\n|t:|1773559665\n|teamsize|p1|4\n|teamsize|p2|4\n|start\n|switch|p1a: Groudon|Groudon, L50|100/100\n|switch|p1b: Charizard|Charizard, L50, F|100/100\n|switch|p2a: Lunala|Lunala, L50, shiny|100/100\n|switch|p2b: Indeedee|Indeedee-F, L50, F|100/100\n|-weather|SunnyDay|[from] ability: Drought|[of] p1a: Groudon\n|-fieldstart|move: Psychic Terrain|[from] ability: Psychic Surge|[of] p2b: Indeedee\n|turn|1\n|\n|t:|1773559675\n|move|p1b: Charizard|Heat Wave|p2a: Lunala|[spread] p2a\n|-miss|p1b: Charizard|p2b: Indeedee\n|-damage|p2a: Lunala|64/100\n|-damage|p1b: Charizard|91/100|[from] item: Life Orb\n|move|p2a: Lunala|Meteor Beam||[still]\n|-prepare|p2a: Lunala|Meteor Beam\n|-boost|p2a: Lunala|spa|1\n|-enditem|p2a: Lunala|Power Herb\n|-anim|p2a: Lunala|Meteor Beam|p1b: Charizard\n|-supereffective|p1b: Charizard\n|-damage|p1b: Charizard|0 fnt\n|faint|p1b: Charizard\n|move|p1a: Groudon|Precipice Blades|p2a: Lunala|[spread] p2a,p2b\n|-damage|p2a: Lunala|16/100\n|-damage|p2b: Indeedee|47/100\n|move|p2b: Indeedee|Alluring Voice|p1a: Groudon\n|-damage|p1a: Groudon|90/100\n|\n|-weather|SunnyDay|[upkeep]\n|upkeep\n|\n|t:|1773559694\n|switch|p1b: Venusaur|Venusaur, L50, F|100/100\n|turn|2\n|\n|t:|1773559706\n|move|p2b: Indeedee|Follow Me|p2b: Indeedee\n|-singleturn|p2b: Indeedee|move: Follow Me\n|move|p1b: Venusaur|Solar Beam||[still]\n|-prepare|p1b: Venusaur|Solar Beam\n|-anim|p1b: Venusaur|Solar Beam|p2b: Indeedee\n|-damage|p2b: Indeedee|0 fnt\n|faint|p2b: Indeedee\n|move|p2a: Lunala|Expanding Force|p1b: Venusaur|[spread] p1a,p1b\n|-supereffective|p1b: Venusaur\n|-damage|p1a: Groudon|20/100\n|-damage|p1b: Venusaur|0 fnt\n|faint|p1b: Venusaur\n|move|p1a: Groudon|Heat Crash|p2a: Lunala\n|-damage|p2a: Lunala|0 fnt\n|faint|p2a: Lunala\n|\n|-weather|SunnyDay|[upkeep]\n|upkeep\n|\n|t:|1773559722\n|switch|p1b: Koraidon|Koraidon, L50|100/100\n|switch|p2a: Flutter Mane|Flutter Mane, L50|100/100\n|switch|p2b: Koraidon|Koraidon, L50, shiny|100/100\n|-activate|p1b: Koraidon|ability: Orichalcum Pulse\n|-activate|p2b: Koraidon|ability: Orichalcum Pulse\n|-activate|p2a: Flutter Mane|ability: Protosynthesis\n|-start|p2a: Flutter Mane|protosynthesisspe\n|turn|3\n|\n|t:|1773559743\n|-terastallize|p2b: Koraidon|Fire\n|-terastallize|p1b: Koraidon|Fighting\n|move|p2a: Flutter Mane|Shadow Ball|p1b: Koraidon\n|-crit|p1b: Koraidon\n|-damage|p1b: Koraidon|32/100\n|move|p2b: Koraidon|Breaking Swipe|p1a: Groudon|[spread] p1a,p1b\n|-damage|p1a: Groudon|0 fnt\n|-damage|p1b: Koraidon|0 fnt\n|faint|p1a: Groudon\n|faint|p1b: Koraidon\n|-damage|p2b: Koraidon|91/100|[from] item: Life Orb\n|\n|win|terafireflareblitz\n|raw|aryan7901's rating: 1111 &rarr; <strong>1090</strong><br />(-21 for losing)\n|raw|terafireflareblitz's rating: 1171 &rarr; <strong>1192</strong><br />(+21 for winning)\n|l|\u2606aryan7901\n|player|p1|\n|l|\u2606terafireflareblitz\n|player|p2|\n","uploadtime":1773559743,"views":12,"formatid":"gen9vgc2026regi","rating":1090,"private":0,"password":null}