{"id":"gen9vgc2026regi-2549706661","format":"[Gen 9] VGC 2026 Reg I","players":["RandomcatFFR","akahyden"],"log":"|j|\u2606RandomcatFFR\n|j|\u2606akahyden\n|t:|1772399820\n|gametype|doubles\n|player|p1|RandomcatFFR|artist-gen4|1448\n|player|p2|akahyden|unknownf|1525\n|gen|9\n|tier|[Gen 9] VGC 2026 Reg I\n|rated|\n|rule|Species Clause: Limit one of each Pok\u00e9mon\n|rule|Item Clause: Limit 1 of each item\n|clearpoke\n|poke|p1|Lunala, L50|\n|poke|p1|Incineroar, L50, F|\n|poke|p1|Brute Bonnet, L50|\n|poke|p1|Ursaluna, L50, F|\n|poke|p1|Flutter Mane, L50|\n|poke|p1|Koraidon, L50|\n|poke|p2|Miraidon, L50|\n|poke|p2|Calyrex-Shadow, L50|\n|poke|p2|Iron Hands, L50|\n|poke|p2|Whimsicott, L50, F|\n|poke|p2|Chi-Yu, L50|\n|poke|p2|Farigiraf, L50, M|\n|teampreview|4\n|inactive|Battle timer is ON: inactive players will automatically lose when time's up. (requested by RandomcatFFR)\n|\n|t:|1772399892\n|teamsize|p1|4\n|teamsize|p2|4\n|start\n|switch|p1a: Flutter Mane|Flutter Mane, L50|100/100\n|switch|p1b: Koraidon|Koraidon, L50|100/100\n|switch|p2a: Whimsicott|Whimsicott, L50, F|100/100\n|switch|p2b: Miraidon|Miraidon, L50|100/100\n|-fieldstart|move: Electric Terrain|[from] ability: Hadron Engine|[of] p2b: Miraidon\n|-weather|SunnyDay|[from] ability: Orichalcum Pulse|[of] p1b: Koraidon\n|-activate|p1a: Flutter Mane|ability: Protosynthesis\n|-start|p1a: Flutter Mane|protosynthesisspe\n|-activate|p1b: Koraidon|Orichalcum Pulse|[source]\n|turn|1\n|\n|t:|1772399911\n|move|p2a: Whimsicott|Tailwind|p2a: Whimsicott\n|-sidestart|p2: akahyden|move: Tailwind\n|move|p2b: Miraidon|Dazzling Gleam|p1b: Koraidon|[spread] p1a,p1b\n|-supereffective|p1b: Koraidon\n|-damage|p1a: Flutter Mane|60/100\n|-damage|p1b: Koraidon|0 fnt\n|faint|p1b: Koraidon\n|-damage|p2b: Miraidon|91/100|[from] item: Life Orb\n|move|p1a: Flutter Mane|Moonblast|p2b: Miraidon\n|-supereffective|p2b: Miraidon\n|-damage|p2b: Miraidon|0 fnt\n|faint|p2b: Miraidon\n|\n|-weather|SunnyDay|[upkeep]\n|upkeep\n|\n|t:|1772399922\n|switch|p2b: Chi-Yu|Chi-Yu, L50|100/100\n|switch|p1b: Brute Bonnet|Brute Bonnet, L50|100/100\n|-ability|p2b: Chi-Yu|Beads of Ruin\n|-activate|p1b: Brute Bonnet|ability: Protosynthesis\n|-start|p1b: Brute Bonnet|protosynthesisdef\n|turn|2\n|\n|t:|1772399938\n|-end|p1a: Flutter Mane|Protosynthesis|[silent]\n|switch|p1a: Incineroar|Incineroar, L50, F|100/100\n|-ability|p1a: Incineroar|Intimidate|boost\n|-unboost|p2a: Whimsicott|atk|1\n|-unboost|p2b: Chi-Yu|atk|1\n|-terastallize|p1b: Brute Bonnet|Water\n|move|p2b: Chi-Yu|Heat Wave|p1b: Brute Bonnet|[spread] p1a,p1b\n|-resisted|p1a: Incineroar\n|-resisted|p1b: Brute Bonnet\n|-damage|p1a: Incineroar|63/100\n|-damage|p1b: Brute Bonnet|65/100\n|move|p2a: Whimsicott|Moonblast|p1b: Brute Bonnet\n|-damage|p1b: Brute Bonnet|37/100\n|-unboost|p1b: Brute Bonnet|spa|1\n|-enditem|p1b: Brute Bonnet|Sitrus Berry|[eat]\n|-heal|p1b: Brute Bonnet|62/100|[from] item: Sitrus Berry\n|move|p1b: Brute Bonnet|Spore|p2b: Chi-Yu\n|-activate|p2b: Chi-Yu|move: Electric Terrain\n|\n|-weather|SunnyDay|[upkeep]\n|upkeep\n|turn|3\n|inactive|RandomcatFFR has 30 seconds left.\n|inactive|RandomcatFFR has 20 seconds left.\n|inactive|RandomcatFFR has 15 seconds left.\n|\n|t:|1772399981\n|-terastallize|p2a: Whimsicott|Dark\n|move|p2b: Chi-Yu|Heat Wave|p1a: Incineroar|[spread] p1a,p1b\n|-resisted|p1a: Incineroar\n|-resisted|p1b: Brute Bonnet\n|-damage|p1a: Incineroar|24/100\n|-damage|p1b: Brute Bonnet|29/100\n|move|p2a: Whimsicott|Moonblast|p1b: Brute Bonnet\n|-damage|p1b: Brute Bonnet|2/100\n|move|p1a: Incineroar|Flare Blitz|p2a: Whimsicott\n|-damage|p2a: Whimsicott|11/100\n|-damage|p1a: Incineroar|0 fnt|[from] Recoil\n|faint|p1a: Incineroar\n|move|p1b: Brute Bonnet|Seed Bomb|p2b: Chi-Yu\n|-resisted|p2b: Chi-Yu\n|-damage|p2b: Chi-Yu|73/100\n|\n|-weather|SunnyDay|[upkeep]\n|upkeep\n|\n|t:|1772399994\n|switch|p1a: Flutter Mane|Flutter Mane, L50|60/100\n|-activate|p1a: Flutter Mane|ability: Protosynthesis\n|-start|p1a: Flutter Mane|protosynthesisspe\n|turn|4\n|\n|t:|1772400011\n|move|p1b: Brute Bonnet|Sucker Punch|p2a: Whimsicott\n|-resisted|p2a: Whimsicott\n|-damage|p2a: Whimsicott|0 fnt\n|faint|p2a: Whimsicott\n|move|p2b: Chi-Yu|Heat Wave|p1b: Brute Bonnet|[spread] p1a,p1b\n|-resisted|p1b: Brute Bonnet\n|-damage|p1a: Flutter Mane|0 fnt\n|-damage|p1b: Brute Bonnet|0 fnt\n|faint|p1a: Flutter Mane\n|-end|p1a: Flutter Mane|Protosynthesis|[silent]\n|faint|p1b: Brute Bonnet\n|-end|p1b: Brute Bonnet|Protosynthesis|[silent]\n|\n|win|akahyden\n|raw|RandomcatFFR's rating: 1448 &rarr; <strong>1432</strong><br />(-16 for losing)\n|raw|akahyden's rating: 1525 &rarr; <strong>1541</strong><br />(+16 for winning)\n|l|\u2606RandomcatFFR\n|player|p1|\n|l|\u2606akahyden\n|player|p2|\n","uploadtime":1772400171,"views":13,"formatid":"gen9vgc2026regi","rating":1432,"private":0,"password":null}