{"id":"gen9vgc2026regi-2551114857","format":"[Gen 9] VGC 2026 Reg I","players":["Schimmli","Pokemonst3r"],"log":"|j|\u2606Schimmli\n|j|\u2606Pokemonst3r\n|t:|1772565989\n|gametype|doubles\n|player|p1|Schimmli|170|1436\n|player|p2|Pokemonst3r|170|1465\n|gen|9\n|tier|[Gen 9] VGC 2026 Reg I\n|rated|\n|rule|Species Clause: Limit one of each Pok\u00e9mon\n|rule|Item Clause: Limit 1 of each item\n|clearpoke\n|poke|p1|Farigiraf, L50, M|\n|poke|p1|Miraidon, L50|\n|poke|p1|Rayquaza, L50|\n|poke|p1|Chien-Pao, L50|\n|poke|p1|Iron Hands, L50|\n|poke|p1|Volcarona, L50, F|\n|poke|p2|Chien-Pao, L50|\n|poke|p2|Calyrex-Shadow, L50|\n|poke|p2|Dondozo, L50, F|\n|poke|p2|Zamazenta-*, L50|\n|poke|p2|Dragonite, L50, M|\n|poke|p2|Tatsugiri, L50, M|\n|teampreview|4\n|inactive|Battle timer is ON: inactive players will automatically lose when time's up. (requested by Pokemonst3r)\n|inactive|Schimmli has 60 seconds left.\n|\n|t:|1772566020\n|teamsize|p1|4\n|teamsize|p2|4\n|start\n|switch|p1a: Miraidon|Miraidon, L50|100/100\n|switch|p1b: Rayquaza|Rayquaza, L50|100/100\n|switch|p2a: Calyrex|Calyrex-Shadow, L50|100/100\n|switch|p2b: Zamazenta|Zamazenta-Crowned, L50|100/100\n|-ability|p2a: Calyrex|As One\n|-ability|p2a: Calyrex|Unnerve\n|-fieldstart|move: Electric Terrain|[from] ability: Hadron Engine|[of] p1a: Miraidon\n|-ability|p2b: Zamazenta|Dauntless Shield|boost\n|-boost|p2b: Zamazenta|def|1\n|-ability|p1b: Rayquaza|Air Lock\n|turn|1\n|inactive|Schimmli has 30 seconds left.\n|\n|t:|1772566046\n|move|p1b: Rayquaza|Protect|p1b: Rayquaza\n|-singleturn|p1b: Rayquaza|Protect\n|move|p2a: Calyrex|Astral Barrage|p1b: Rayquaza|[spread] p1a\n|-activate|p1b: Rayquaza|move: Protect\n|-damage|p1a: Miraidon|57/100\n|move|p1a: Miraidon|Volt Switch|p2b: Zamazenta\n|-damage|p2b: Zamazenta|47/100\n|\n|t:|1772566055\n|switch|p1a: Volcarona|Volcarona, L50, F|100/100|[from] Volt Switch\n|move|p2b: Zamazenta|Body Press|p1a: Volcarona\n|-resisted|p1a: Volcarona\n|-damage|p1a: Volcarona|70/100\n|-damage|p2b: Zamazenta|30/100|[from] item: Rocky Helmet|[of] p1a: Volcarona\n|\n|upkeep\n|turn|2\n|\n|t:|1772566075\n|-terastallize|p2a: Calyrex|Ghost\n|-terastallize|p1b: Rayquaza|Normal\n|move|p2b: Zamazenta|Protect|p2b: Zamazenta\n|-singleturn|p2b: Zamazenta|Protect\n|move|p1a: Volcarona|Rage Powder|p1a: Volcarona\n|-singleturn|p1a: Volcarona|move: Rage Powder\n|move|p2a: Calyrex|Astral Barrage|p1a: Volcarona|[spread] p1a\n|-immune|p1b: Rayquaza\n|-damage|p1a: Volcarona|5/100\n|move|p1b: Rayquaza|Swords Dance|p1b: Rayquaza\n|-boost|p1b: Rayquaza|atk|2\n|\n|upkeep\n|turn|3\n|\n|t:|1772566096\n|move|p1b: Rayquaza|Protect|p1b: Rayquaza\n|-singleturn|p1b: Rayquaza|Protect\n|move|p2a: Calyrex|Astral Barrage|p1b: Rayquaza|[spread] p1a\n|-activate|p1b: Rayquaza|move: Protect\n|-damage|p1a: Volcarona|0 fnt\n|faint|p1a: Volcarona\n|-ability|p2a: Calyrex|Grim Neigh|boost\n|-boost|p2a: Calyrex|spa|1\n|move|p2b: Zamazenta|Body Press|p1b: Rayquaza\n|-activate|p1b: Rayquaza|move: Protect\n|\n|upkeep\n|\n|t:|1772566109\n|switch|p1a: Miraidon|Miraidon, L50|57/100\n|-activate|p1a: Miraidon|ability: Hadron Engine\n|turn|4\n|\n|t:|1772566124\n|move|p2a: Calyrex|Astral Barrage|p1b: Rayquaza|[spread] p1a\n|-immune|p1b: Rayquaza\n|-damage|p1a: Miraidon|0 fnt\n|faint|p1a: Miraidon\n|-ability|p2a: Calyrex|Grim Neigh|boost\n|-boost|p2a: Calyrex|spa|1\n|move|p2b: Zamazenta|Body Press|p1b: Rayquaza\n|-supereffective|p1b: Rayquaza\n|-crit|p1b: Rayquaza\n|-damage|p1b: Rayquaza|0 fnt\n|faint|p1b: Rayquaza\n|\n|upkeep\n|-message|Schimmli forfeited.\n|\n|win|Pokemonst3r\n|raw|Schimmli's rating: 1436 &rarr; <strong>1418</strong><br />(-18 for losing)\n|raw|Pokemonst3r's rating: 1465 &rarr; <strong>1483</strong><br />(+18 for winning)\n|l|\u2606Schimmli\n|player|p1|\n|l|\u2606Pokemonst3r\n|player|p2|\n","uploadtime":1772566274,"views":16,"formatid":"gen9vgc2026regi","rating":1418,"private":0,"password":null}