{"id":"gen9vgc2026regi-2522346204","format":"[Gen 9] VGC 2026 Reg I","players":["Dearp","alexit93"],"log":"|j|\u2606Dearp\n|j|\u2606alexit93\n|t:|1768891599\n|gametype|doubles\n|player|p1|Dearp|170|1196\n|player|p2|alexit93|lucas-gen4pt|1235\n|gen|9\n|tier|[Gen 9] VGC 2026 Reg I\n|rated|\n|rule|Species Clause: Limit one of each Pok\u00e9mon\n|rule|Item Clause: Limit 1 of each item\n|clearpoke\n|poke|p1|Volcarona, L50, M|\n|poke|p1|Sinistcha, L50|\n|poke|p1|Sneasler, L50, M|\n|poke|p1|Annihilape, L50, F|\n|poke|p1|Calyrex-Ice, L50|\n|poke|p1|Miraidon, L50|\n|poke|p2|Zamazenta-*, L50|\n|poke|p2|Riolu, L50, F|\n|poke|p2|Calyrex-Ice, L50|\n|poke|p2|Rillaboom, L50, M|\n|poke|p2|Incineroar, L50, M|\n|poke|p2|Urshifu-*, L50, F|\n|teampreview|4\n|\n|t:|1768891651\n|teamsize|p1|4\n|teamsize|p2|4\n|start\n|switch|p1a: Annihilape|Annihilape, L50, F|100/100\n|switch|p1b: The Don|Miraidon, L50, shiny|100/100\n|switch|p2a: Riolu|Riolu, L50, F|100/100\n|switch|p2b: Urshifu|Urshifu-Rapid-Strike, L50, F|100/100\n|-fieldstart|move: Electric Terrain|[from] ability: Hadron Engine|[of] p1b: The Don\n|turn|1\n|\n|t:|1768891663\n|switch|p2a: Rillaboom|Rillaboom, L50, M|100/100\n|-fieldstart|move: Grassy Terrain|[from] ability: Grassy Surge|[of] p2a: Rillaboom\n|move|p2b: Urshifu|Surging Strikes|p1a: Annihilape\n|-crit|p1a: Annihilape\n|-damage|p1a: Annihilape|74/100\n|-crit|p1a: Annihilape\n|-damage|p1a: Annihilape|49/100\n|-crit|p1a: Annihilape\n|-damage|p1a: Annihilape|24/100\n|-hitcount|p1a: Annihilape|3\n|move|p1b: The Don|Volt Switch|p2b: Urshifu\n|-supereffective|p2b: Urshifu\n|-damage|p2b: Urshifu|0 fnt\n|faint|p2b: Urshifu\n|-damage|p1b: The Don|91/100|[from] item: Life Orb\n|\n|t:|1768891675\n|switch|p1b: Prince|Calyrex-Ice, L50|100/100|[from] Volt Switch\n|-ability|p1b: Prince|As One\n|-ability|p1b: Prince|Unnerve\n|move|p1a: Annihilape|Shadow Claw|p2a: Rillaboom\n|-damage|p2a: Rillaboom|64/100\n|\n|-heal|p1a: Annihilape|30/100|[from] Grassy Terrain\n|-heal|p2a: Rillaboom|70/100|[from] Grassy Terrain\n|upkeep\n|\n|t:|1768891679\n|switch|p2b: Calyrex|Calyrex-Ice, L50|100/100\n|-ability|p2b: Calyrex|As One\n|-ability|p2b: Calyrex|Unnerve\n|turn|2\n|\n|t:|1768891693\n|switch|p2a: Riolu|Riolu, L50, F|100/100\n|-terastallize|p2b: Calyrex|Ground\n|move|p1a: Annihilape|Coaching|p1b: Prince\n|-boost|p1b: Prince|atk|1\n|-boost|p1b: Prince|def|1\n|move|p1b: Prince|Glacial Lance|p2b: Calyrex|[spread] p2a,p2b\n|-supereffective|p2b: Calyrex\n|-damage|p2a: Riolu|0 fnt\n|-damage|p2b: Calyrex|3/100\n|faint|p2a: Riolu\n|-ability|p1b: Prince|Chilling Neigh|boost\n|-boost|p1b: Prince|atk|1\n|move|p2b: Calyrex|Trick Room|p2b: Calyrex\n|-fieldstart|move: Trick Room|[of] p2b: Calyrex\n|\n|-heal|p2b: Calyrex|9/100|[from] Grassy Terrain\n|-heal|p1a: Annihilape|35/100|[from] Grassy Terrain\n|upkeep\n|-message|alexit93 forfeited.\n|\n|win|Dearp\n|raw|Dearp's rating: 1196 &rarr; <strong>1224</strong><br />(+28 for winning)\n|raw|alexit93's rating: 1235 &rarr; <strong>1207</strong><br />(-28 for losing)\n|l|\u2606alexit93\n|player|p2|\n|l|\u2606Dearp\n|player|p1|\n","uploadtime":1768891947,"views":12,"formatid":"gen9vgc2026regi","rating":1207,"private":0,"password":null}