{"id":"gen9vgc2026regi-2568802837","format":"[Gen 9] VGC 2026 Reg I","players":["lattewave","BreakTheShadowWall"],"log":"|j|\u2606lattewave\n|j|\u2606BreakTheShadowWall\n|t:|1774624204\n|gametype|doubles\n|player|p1|lattewave|sisandbro|1437\n|player|p2|BreakTheShadowWall|elesa|1394\n|gen|9\n|tier|[Gen 9] VGC 2026 Reg I\n|rated|\n|rule|Species Clause: Limit one of each Pok\u00e9mon\n|rule|Item Clause: Limit 1 of each item\n|clearpoke\n|poke|p1|Terapagos, L50, M|\n|poke|p1|Ogerpon-Wellspring, L50, F|\n|poke|p1|Toxapex, L50, M|\n|poke|p1|Ditto, L50|\n|poke|p1|Gouging Fire, L50|\n|poke|p1|Zacian-*, L50|\n|poke|p2|Miraidon, L50|\n|poke|p2|Iron Bundle, L50|\n|poke|p2|Lunala, L50|\n|poke|p2|Incineroar, L50, M|\n|poke|p2|Urshifu-*, L50, M|\n|poke|p2|Ursaluna, L50, M|\n|teampreview|4\n|inactive|Battle timer is ON: inactive players will automatically lose when time's up. (requested by lattewave)\n|inactive|lattewave has 60 seconds left.\n|inactive|BreakTheShadowWall has 60 seconds left.\n|\n|t:|1774624257\n|teamsize|p1|4\n|teamsize|p2|4\n|start\n|switch|p1a: Toxapex|Toxapex, L50, M|100/100\n|switch|p1b: Terapagos|Terapagos, L50, M|100/100\n|switch|p2a: Iron Bundle|Iron Bundle, L50|100/100\n|switch|p2b: Miraidon|Miraidon, L50|100/100\n|-activate|p1b: Terapagos|ability: Tera Shift\n|detailschange|p1b: Terapagos|Terapagos-Terastal, L50, M\n|-heal|p1b: Terapagos|100/100|[silent]\n|-fieldstart|move: Electric Terrain|[from] ability: Hadron Engine|[of] p2b: Miraidon\n|-activate|p2a: Iron Bundle|ability: Quark Drive\n|-start|p2a: Iron Bundle|quarkdrivespe\n|turn|1\n|\n|t:|1774624273\n|-terastallize|p1b: Terapagos|Stellar\n|detailschange|p1b: Terapagos|Terapagos-Stellar, L50, M, tera:Stellar\n|-heal|p1b: Terapagos|100/100|[silent]\n|-ability|p1b: Terapagos|Teraform Zero\n|-fieldend|move: Electric Terrain\n|-end|p2a: Iron Bundle|Quark Drive\n|move|p2a: Iron Bundle|Taunt|p1b: Terapagos\n|-start|p1b: Terapagos|move: Taunt\n|move|p2b: Miraidon|Volt Switch|p1a: Toxapex\n|-supereffective|p1a: Toxapex\n|-damage|p1a: Toxapex|19/100\n|\n|t:|1774624287\n|switch|p2b: Lunala|Lunala, L50, shiny|100/100|[from] Volt Switch\n|move|p1b: Terapagos|Tera Starstorm|p2b: Lunala|[spread] p2a,p2b\n|-crit|p2b: Lunala\n|-enditem|p2a: Iron Bundle|Focus Sash\n|-damage|p2a: Iron Bundle|1/100\n|-damage|p2b: Lunala|73/100\n|move|p1a: Toxapex|Infestation|p2b: Lunala\n|-damage|p2b: Lunala|71/100\n|-activate|p2b: Lunala|move: Infestation|[of] p1a: Toxapex\n|\n|-damage|p2b: Lunala|55/100|[from] move: Infestation|[partiallytrapped]\n|upkeep\n|turn|2\n|inactive|BreakTheShadowWall has 30 seconds left.\n|inactive|BreakTheShadowWall has 20 seconds left.\n|inactive|BreakTheShadowWall has 15 seconds left.\n|inactive|BreakTheShadowWall has 10 seconds left.\n|inactive|BreakTheShadowWall has 5 seconds left.\n|\n|t:|1774624342\n|move|p2a: Iron Bundle|Icy Wind|p1b: Terapagos|[spread] p1a,p1b\n|-resisted|p1a: Toxapex\n|-damage|p1a: Toxapex|11/100\n|-damage|p1b: Terapagos|88/100\n|-unboost|p1a: Toxapex|spe|1\n|-unboost|p1b: Terapagos|spe|1\n|move|p2b: Lunala|Moongeist Beam|p1b: Terapagos\n|-immune|p1b: Terapagos\n|move|p1b: Terapagos|Tera Starstorm|p2b: Lunala|[spread] p2a,p2b\n|-damage|p2a: Iron Bundle|0 fnt\n|-damage|p2b: Lunala|16/100\n|faint|p2a: Iron Bundle\n|-end|p2a: Iron Bundle|Quark Drive|[silent]\n|move|p1a: Toxapex|Infestation|p2b: Lunala\n|-damage|p2b: Lunala|14/100\n|\n|-damage|p2b: Lunala|0 fnt|[from] move: Infestation|[partiallytrapped]\n|faint|p2b: Lunala\n|upkeep\n|\n|t:|1774624358\n|switch|p2a: Miraidon|Miraidon, L50|100/100\n|switch|p2b: Urshifu|Urshifu-Rapid-Strike, L50, M|100/100\n|-fieldstart|move: Electric Terrain|[from] ability: Hadron Engine|[of] p2a: Miraidon\n|turn|3\n|\n|t:|1774624379\n|move|p2a: Miraidon|Electro Drift|p1a: Toxapex\n|-supereffective|p1a: Toxapex\n|-damage|p1a: Toxapex|0 fnt\n|faint|p1a: Toxapex\n|move|p2b: Urshifu|Close Combat|p1b: Terapagos\n|-supereffective|p1b: Terapagos\n|-damage|p1b: Terapagos|0 fnt\n|-unboost|p2b: Urshifu|def|1\n|-unboost|p2b: Urshifu|spd|1\n|faint|p1b: Terapagos\n|detailschange|p1: Terapagos|Terapagos, L50, M|[silent]\n|\n|upkeep\n|\n|t:|1774624389\n|switch|p1b: Ogerpon|Ogerpon-Wellspring, L50, F|100/100\n|switch|p1a: Zacian|Zacian-Crowned, L50|100/100\n|-ability|p1a: Zacian|Intrepid Sword|boost\n|-boost|p1a: Zacian|atk|1\n|turn|4\n|\n|t:|1774624410\n|-terastallize|p2a: Miraidon|Fairy\n|move|p1a: Zacian|Play Rough|p2a: Miraidon\n|-damage|p2a: Miraidon|28/100\n|move|p2a: Miraidon|Electro Drift|p1a: Zacian\n|-damage|p1a: Zacian|0 fnt\n|faint|p1a: Zacian\n|move|p2b: Urshifu|Close Combat|p1b: Ogerpon\n|-damage|p1b: Ogerpon|0 fnt\n|-unboost|p2b: Urshifu|def|1\n|-unboost|p2b: Urshifu|spd|1\n|faint|p1b: Ogerpon\n|\n|win|BreakTheShadowWall\n|raw|lattewave's rating: 1437 &rarr; <strong>1415</strong><br />(-22 for losing)\n|raw|BreakTheShadowWall's rating: 1394 &rarr; <strong>1416</strong><br />(+22 for winning)\n|l|\u2606BreakTheShadowWall\n|player|p2|\n","uploadtime":1774624588,"views":14,"formatid":"gen9vgc2026regi","rating":1415,"private":0,"password":null}