{"id":"gen9vgc2026regi-2588684115","format":"[Gen 9] VGC 2026 Reg I","players":["mynamegrassgreen","It'sJustKen VGC"],"log":"|j|\u2606mynamegrassgreen\n|j|\u2606It'sJustKen VGC\n|t:|1776657427\n|gametype|doubles\n|player|p1|mynamegrassgreen|n-masters|\n|player|p2|It'sJustKen VGC|102|\n|gen|9\n|tier|[Gen 9] VGC 2026 Reg I\n|rated|Tournament battle\n|rule|Species Clause: Limit one of each Pok\u00e9mon\n|rule|Item Clause: Limit 1 of each item\n|clearpoke\n|poke|p1|Koraidon, L50|\n|poke|p1|Lunala, L50|\n|poke|p1|Chi-Yu, L50|\n|poke|p1|Ursaluna, L50, F|\n|poke|p1|Brute Bonnet, L50|\n|poke|p1|Flutter Mane, L50|\n|poke|p2|Iron Hands, L50|\n|poke|p2|Incineroar, L50, F|\n|poke|p2|Calyrex-Shadow, L50|\n|poke|p2|Whimsicott, L50, M|\n|poke|p2|Farigiraf, L50, F|\n|poke|p2|Miraidon, L50|\n|teampreview|4\n|inactive|Battle timer is ON: inactive players will automatically lose when time's up. (requested by It'sJustKen VGC)\n|j| jjvhc27\n|l| jjvhc27\nmynamegrassgreen has agreed to open team sheets.\n|c|\u2606It'sJustKen VGC|glhf\nIt'sJustKen VGC has agreed to open team sheets.\n|showteam|p1|Koraidon||LifeOrb|OrichalcumPulse|FlareBlitz,FlameCharge,CloseCombat,Protect||||||50|,,,,,Fire]Lunala||PowerHerb|ShadowShield|MoongeistBeam,MeteorBeam,WideGuard,TrickRoom||||||50|,,,,,Water]Chi-Yu||ChoiceScarf|BeadsofRuin|Overheat,HeatWave,DarkPulse,Snarl||||||50|,,,,,Ghost]Ursaluna||FlameOrb|Guts|Facade,HeadlongRush,Earthquake,Protect|||F|||50|,,,,,Ground]Brute Bonnet||CovertCloak|Protosynthesis|SeedBomb,SuckerPunch,Spore,RagePowder||||||50|,,,,,Water]Flutter Mane||FocusSash|Protosynthesis|Moonblast,ShadowBall,IcyWind,Protect||||||50|,,,,,Normal\n|showteam|p2|Iron Hands||AssaultVest|QuarkDrive|FakeOut,DrainPunch,WildCharge,LowKick||||||50|,,,,,Water]Incineroar||RockyHelmet|Intimidate|FakeOut,Uturn,KnockOff,FlareBlitz|||F|||50|,,,,,Bug]Calyrex-Shadow||FocusSash|AsOneSpectrier|Protect,AstralBarrage,Psychic,Imprison||||||50|,,,,,Ghost]Whimsicott||CovertCloak|Prankster|Tailwind,Encore,Moonblast,LightScreen|||M|||50|,,,,,Fire]Farigiraf||ElectricSeed|ArmorTail|TrickRoom,Roar,Psychic,HelpingHand|||F|||50|,,,,,Water]Miraidon||ChoiceSpecs|HadronEngine|ElectroDrift,VoltSwitch,DracoMeteor,DazzlingGleam||||||50|,,,,,Fairy\n|inactive|mynamegrassgreen has 60 seconds left.\n|c|\u2606mynamegrassgreen|glhf\n|inactive|mynamegrassgreen has 30 seconds left.\n|inactive|mynamegrassgreen has 20 seconds left.\n|inactive|mynamegrassgreen has 15 seconds left.\n|inactive|mynamegrassgreen has 10 seconds left.\n|inactive|mynamegrassgreen has 5 seconds left.\n|\n|t:|1776657515\n|teamsize|p1|4\n|teamsize|p2|4\n|start\n|switch|p1a: Fast n' Furious|Chi-Yu, L50, shiny|100/100\n|switch|p1b: Elegance|Lunala, L50, shiny|100/100\n|switch|p2a: Ferrari|Miraidon, L50, shiny|100/100\n|switch|p2b: Alpine|Whimsicott, L50, M|100/100\n|-ability|p1a: Fast n' Furious|Beads of Ruin\n|-fieldstart|move: Electric Terrain|[from] ability: Hadron Engine|[of] p2a: Ferrari\n|turn|1\n|\n|t:|1776657527\n|switch|p1a: Titan|Ursaluna, L50, F|100/100\n|-terastallize|p2b: Alpine|Fire\n|move|p2b: Alpine|Moonblast|p1b: Elegance\n|-damage|p1b: Elegance|92/100\n|move|p2a: Ferrari|Electro Drift|p1b: Elegance\n|-damage|p1b: Elegance|0 fnt\n|faint|p1b: Elegance\n|\n|-status|p1a: Titan|brn|[from] item: Flame Orb\n|upkeep\n|c|\u2606mynamegrassgreen|ggs\n|-message|mynamegrassgreen forfeited.\n|\n|win|It'sJustKen VGC\n|n|\u2606mynamegrassgreen|mynamegrassgreen\n|n|\u2606It'sJustKen VGC|itsjustkenvgc\n|c|\u2606It'sJustKen VGC|oh\n|c|\u2606It'sJustKen VGC|welp gg\n|c|\u2606mynamegrassgreen|nothing I could do lol\n|c|\u2606mynamegrassgreen|smart call\n|l|\u2606mynamegrassgreen\n|player|p1|\n","uploadtime":1776657553,"views":5,"formatid":"gen9vgc2026regi","rating":null,"private":0,"password":null}