{"id":"gen9vgc2026regi-2558839299","format":"[Gen 9] VGC 2026 Reg I","players":["Slackermaru","ttzr5"],"log":"|j|\u2606Slackermaru\n|j|\u2606ttzr5\n|t:|1773491610\n|gametype|doubles\n|player|p1|Slackermaru|workerice|1173\n|player|p2|ttzr5|hiker-gen4|1289\n|gen|9\n|tier|[Gen 9] VGC 2026 Reg I\n|rated|\n|rule|Species Clause: Limit one of each Pok\u00e9mon\n|rule|Item Clause: Limit 1 of each item\n|clearpoke\n|poke|p1|Miraidon, L50|\n|poke|p1|Ogerpon, L50, F|\n|poke|p1|Incineroar, L50, F|\n|poke|p1|Calyrex-Ice, L50|\n|poke|p1|Urshifu-*, L50, F|\n|poke|p1|Volcarona, L50, F|\n|poke|p2|Zacian-*, L50|\n|poke|p2|Rayquaza, L50|\n|poke|p2|Chien-Pao, L50|\n|poke|p2|Ting-Lu, L50|\n|poke|p2|Ogerpon-Wellspring, L50, F|\n|poke|p2|Farigiraf, L50, F|\n|teampreview|4\n|inactive|Battle timer is ON: inactive players will automatically lose when time's up. (requested by ttzr5)\n|\n|t:|1773491635\n|teamsize|p1|4\n|teamsize|p2|4\n|start\n|switch|p1a: Calyrex|Calyrex-Ice, L50|100/100\n|switch|p1b: Miraidon|Miraidon, L50|100/100\n|switch|p2a: Farigiraf|Farigiraf, L50, F|100/100\n|switch|p2b: Ting-Lu|Ting-Lu, L50|100/100\n|-ability|p1a: Calyrex|As One\n|-ability|p1a: Calyrex|Unnerve\n|-fieldstart|move: Electric Terrain|[from] ability: Hadron Engine|[of] p1b: Miraidon\n|-ability|p2b: Ting-Lu|Vessel of Ruin\n|turn|1\n|\n|t:|1773491660\n|-terastallize|p2b: Ting-Lu|Fairy\n|move|p2a: Farigiraf|Protect|p2a: Farigiraf\n|-singleturn|p2a: Farigiraf|Protect\n|move|p1b: Miraidon|Volt Switch|p2a: Farigiraf\n|-activate|p2a: Farigiraf|move: Protect\n|move|p1a: Calyrex|Leech Seed|p2b: Ting-Lu\n|-start|p2b: Ting-Lu|move: Leech Seed\n|move|p2b: Ting-Lu|Ruination|p1a: Calyrex\n|-damage|p1a: Calyrex|51/100\n|\n|-damage|p2b: Ting-Lu|88/100|[from] Leech Seed|[of] p1a: Calyrex\n|-heal|p1a: Calyrex|66/100|[silent]\n|upkeep\n|turn|2\n|inactive|ttzr5 has 30 seconds left.\n|inactive|Slackermaru has 30 seconds left.\n|\n|t:|1773491698\n|move|p1a: Calyrex|Protect|p1a: Calyrex\n|-singleturn|p1a: Calyrex|Protect\n|move|p1b: Miraidon|Volt Switch|p2a: Farigiraf\n|-damage|p2a: Farigiraf|42/100\n|\n|t:|1773491703\n|switch|p1b: Volcarona|Volcarona, L50, F|100/100|[from] Volt Switch\n|-enditem|p1b: Volcarona|Electric Seed\n|-boost|p1b: Volcarona|def|1|[from] item: Electric Seed\n|move|p2a: Farigiraf|Hyper Voice|p1a: Calyrex|[spread] p1b\n|-activate|p1a: Calyrex|move: Protect\n|-damage|p1b: Volcarona|80/100\n|-enditem|p2a: Farigiraf|Throat Spray\n|-boost|p2a: Farigiraf|spa|1|[from] item: Throat Spray\n|move|p2b: Ting-Lu|Rock Tomb|p1b: Volcarona\n|-supereffective|p1b: Volcarona\n|-damage|p1b: Volcarona|13/100\n|-unboost|p1b: Volcarona|spe|1\n|\n|-damage|p2b: Ting-Lu|76/100|[from] Leech Seed|[of] p1a: Calyrex\n|-heal|p1a: Calyrex|81/100|[silent]\n|upkeep\n|turn|3\n|\n|t:|1773491728\n|move|p1b: Volcarona|Struggle Bug|p2a: Farigiraf|[spread] p2a,p2b\n|-supereffective|p2a: Farigiraf\n|-resisted|p2b: Ting-Lu\n|-damage|p2a: Farigiraf|13/100\n|-damage|p2b: Ting-Lu|72/100\n|-unboost|p2a: Farigiraf|spa|1\n|-unboost|p2b: Ting-Lu|spa|1\n|move|p2a: Farigiraf|Hyper Voice|p1a: Calyrex|[spread] p1a,p1b\n|-damage|p1a: Calyrex|66/100\n|-damage|p1b: Volcarona|0 fnt\n|faint|p1b: Volcarona\n|move|p1a: Calyrex|Glacial Lance|p2a: Farigiraf|[spread] p2a,p2b\n|-crit|p2b: Ting-Lu\n|-damage|p2a: Farigiraf|0 fnt\n|-damage|p2b: Ting-Lu|26/100\n|faint|p2a: Farigiraf\n|-ability|p1a: Calyrex|Chilling Neigh|boost\n|-boost|p1a: Calyrex|atk|1\n|move|p2b: Ting-Lu|Throat Chop|p1a: Calyrex\n|-supereffective|p1a: Calyrex\n|-damage|p1a: Calyrex|26/100\n|-start|p1a: Calyrex|Throat Chop|[silent]\n|\n|-damage|p2b: Ting-Lu|13/100|[from] Leech Seed|[of] p1a: Calyrex\n|-heal|p1a: Calyrex|41/100|[silent]\n|upkeep\n|\n|t:|1773491748\n|switch|p1b: Miraidon|Miraidon, L50|100/100\n|switch|p2a: Zacian|Zacian-Crowned, L50, shiny|100/100\n|-activate|p1b: Miraidon|ability: Hadron Engine\n|-ability|p2a: Zacian|Intrepid Sword|boost\n|-boost|p2a: Zacian|atk|1\n|turn|4\n|\n|t:|1773491766\n|switch|p2b: Chien-Pao|Chien-Pao, L50|100/100\n|-ability|p2b: Chien-Pao|Sword of Ruin\n|-terastallize|p1a: Calyrex|Fire\n|move|p1b: Miraidon|Volt Switch|p2a: Zacian\n|-damage|p2a: Zacian|47/100\n|-message|ttzr5 forfeited.\n|\n|win|Slackermaru\n|raw|Slackermaru's rating: 1173 &rarr; <strong>1206</strong><br />(+33 for winning)\n|raw|ttzr5's rating: 1289 &rarr; <strong>1256</strong><br />(-33 for losing)\n|l|\u2606ttzr5\n|player|p2|\n|l|\u2606Slackermaru\n|player|p1|\n","uploadtime":1773491964,"views":14,"formatid":"gen9vgc2026regi","rating":1206,"private":0,"password":null}