{"id":"gen9vgc2026regi-2525696774","format":"[Gen 9] VGC 2026 Reg I","players":["dasabe\u76d6\u6b27\u5361\u4fa0","Unskilled99"],"log":"|j|\u2606dasabe\u76d6\u6b27\u5361\u4fa0\n|j|\u2606Unskilled99\n|t:|1769311883\n|gametype|doubles\n|player|p1|dasabe\u76d6\u6b27\u5361\u4fa0|may-masters4|1622\n|player|p2|Unskilled99|unknown|1609\n|gen|9\n|tier|[Gen 9] VGC 2026 Reg I\n|rated|\n|rule|Species Clause: Limit one of each Pok\u00e9mon\n|rule|Item Clause: Limit 1 of each item\n|clearpoke\n|poke|p1|Kyogre, L50|\n|poke|p1|Miraidon, L50|\n|poke|p1|Whimsicott, L50, F|\n|poke|p1|Iron Hands, L50|\n|poke|p1|Farigiraf, L50, F|\n|poke|p1|Urshifu-*, L50, M|\n|poke|p2|Calyrex-Shadow, L50|\n|poke|p2|Zamazenta-*, L50|\n|poke|p2|Chien-Pao, L50|\n|poke|p2|Dragonite, L50, M|\n|poke|p2|Raging Bolt, L50|\n|poke|p2|Amoonguss, L50, F|\n|teampreview|4\n|\n|t:|1769311921\n|teamsize|p1|4\n|teamsize|p2|4\n|start\n|switch|p1a: \u5996\u820d\u7cbe\u62c9|Whimsicott, L50, F, shiny|100/100\n|switch|p1b: \u94f6\u91d1\u5996\u86c7|Miraidon, L50, shiny|100/100\n|switch|p2a: Zamazenta|Zamazenta-Crowned, L50|100/100\n|switch|p2b: Calyrex|Calyrex-Shadow, L50|100/100\n|-ability|p2b: Calyrex|As One\n|-ability|p2b: Calyrex|Unnerve\n|-fieldstart|move: Electric Terrain|[from] ability: Hadron Engine|[of] p1b: \u94f6\u91d1\u5996\u86c7\n|-ability|p2a: Zamazenta|Dauntless Shield|boost\n|-boost|p2a: Zamazenta|def|1\n|turn|1\n|\n|t:|1769311933\n|-terastallize|p1b: \u94f6\u91d1\u5996\u86c7|Fairy\n|-terastallize|p2a: Zamazenta|Dragon\n|move|p2b: Calyrex|Astral Barrage|p1b: \u94f6\u91d1\u5996\u86c7|[spread] p1a,p1b\n|-damage|p1a: \u5996\u820d\u7cbe\u62c9|3/100\n|-damage|p1b: \u94f6\u91d1\u5996\u86c7|53/100\n|move|p1a: \u5996\u820d\u7cbe\u62c9|Endeavor|p2a: Zamazenta\n|-damage|p2a: Zamazenta|2/100\n|move|p1b: \u94f6\u91d1\u5996\u86c7|Dazzling Gleam|p2b: Calyrex|[spread] p2a,p2b\n|-supereffective|p2a: Zamazenta\n|-damage|p2a: Zamazenta|0 fnt\n|-damage|p2b: Calyrex|41/100\n|faint|p2a: Zamazenta\n|-damage|p1b: \u94f6\u91d1\u5996\u86c7|43/100|[from] item: Life Orb\n|\n|upkeep\n|inactive|Battle timer is ON: inactive players will automatically lose when time's up. (requested by dasabe\u76d6\u6b27\u5361\u4fa0)\n|c|\u2606Unskilled99|\u9019\u54b1\u6253\n|c|\u2606dasabe\u76d6\u6b27\u5361\u4fa0|\ud83d\ude0b\n|inactive|Unskilled99 has 60 seconds left.\n|c|\u2606Unskilled99|\u88ab\u514b\u6b7b\u4e86\u53e3\u7259\n|\n|t:|1769312023\n|switch|p2a: Amoonguss|Amoonguss, L50, F|100/100\n|turn|2\n|\n|t:|1769312045\n|move|p2b: Calyrex|Protect|p2b: Calyrex\n|-singleturn|p2b: Calyrex|Protect\n|move|p1a: \u5996\u820d\u7cbe\u62c9|Tailwind|p1a: \u5996\u820d\u7cbe\u62c9\n|-sidestart|p1: dasabe\u76d6\u6b27\u5361\u4fa0|move: Tailwind\n|move|p1b: \u94f6\u91d1\u5996\u86c7|Draco Meteor|p2a: Amoonguss\n|-damage|p2a: Amoonguss|4/100\n|-unboost|p1b: \u94f6\u91d1\u5996\u86c7|spa|2\n|-damage|p1b: \u94f6\u91d1\u5996\u86c7|33/100|[from] item: Life Orb\n|move|p2a: Amoonguss|Spore|p1a: \u5996\u820d\u7cbe\u62c9\n|-immune|p1a: \u5996\u820d\u7cbe\u62c9\n|\n|upkeep\n|turn|3\n|c|\u2606Unskilled99|?\n|c|\u2606Unskilled99|\u6211\u9ede\u80de\u5b50\u7684\n|inactive|Unskilled99 has 30 seconds left.\n|inactive|Unskilled99 has 20 seconds left.\n|inactive|Unskilled99 has 15 seconds left.\n|inactive|Unskilled99 has 10 seconds left.\n|c|\u2606Unskilled99|\u6211\u9ede\u7684\u662f\u6c59\u6ce5\u70b8\u5f48\n|inactive|Unskilled99 has 5 seconds left.\n|c|\u2606Unskilled99|\u9019\n|\n|t:|1769312100\n|move|p1a: \u5996\u820d\u7cbe\u62c9|Encore|p2b: Calyrex\n|-start|p2b: Calyrex|Encore\n|move|p1b: \u94f6\u91d1\u5996\u86c7|Dazzling Gleam|p2a: Amoonguss|[spread] p2a,p2b\n|-resisted|p2a: Amoonguss\n|-damage|p2a: Amoonguss|0 fnt\n|-damage|p2b: Calyrex|10/100\n|faint|p2a: Amoonguss\n|-damage|p1b: \u94f6\u91d1\u5996\u86c7|24/100|[from] item: Life Orb\n|move|p2b: Calyrex|Protect||[still]\n|-fail|p2b: Calyrex\n|\n|upkeep\n|-message|Unskilled99 forfeited.\n|\n|win|dasabe\u76d6\u6b27\u5361\u4fa0\n|raw|dasabe\u76d6\u6b27\u5361\u4fa0's rating: 1622 &rarr; <strong>1641</strong><br />(+19 for winning)\n|raw|Unskilled99's rating: 1609 &rarr; <strong>1590</strong><br />(-19 for losing)\n|l|\u2606dasabe\u76d6\u6b27\u5361\u4fa0\n|player|p1|\n|l|\u2606Unskilled99\n|player|p2|\n","uploadtime":1769312325,"views":188,"formatid":"gen9vgc2026regi","rating":1590,"private":0,"password":null}