{"id":"gen9vgc2026regi-2560532461","format":"[Gen 9] VGC 2026 Reg I","players":["Mirthinion","samael354"],"log":"|j|\u2606Mirthinion\n|j|\u2606samael354\n|t:|1773696580\n|gametype|doubles\n|player|p1|Mirthinion|janitor|1357\n|player|p2|samael354|170|1421\n|gen|9\n|tier|[Gen 9] VGC 2026 Reg I\n|rated|\n|rule|Species Clause: Limit one of each Pok\u00e9mon\n|rule|Item Clause: Limit 1 of each item\n|clearpoke\n|poke|p1|Calyrex-Shadow, L50|\n|poke|p1|Zamazenta-*, L50|\n|poke|p1|Urshifu-*, L50, M|\n|poke|p1|Incineroar, L50, M|\n|poke|p1|Rillaboom, L50, M|\n|poke|p1|Tornadus, L50, M|\n|poke|p2|Zacian-*, L50|\n|poke|p2|Kyogre, L50|\n|poke|p2|Roaring Moon, L50|\n|poke|p2|Amoonguss, L50, F|\n|poke|p2|Urshifu-*, L50, M|\n|poke|p2|Iron Hands, L50|\n|teampreview|4\n|inactive|Battle timer is ON: inactive players will automatically lose when time's up. (requested by Mirthinion)\nMirthinion rejected open team sheets.\n|inactive|Mirthinion has 60 seconds left.\n|inactive|samael354 has 60 seconds left.\n|\n|t:|1773696625\n|teamsize|p1|4\n|teamsize|p2|4\n|start\n|switch|p1a: Vangwe|Tornadus, L50, M|100/100\n|switch|p1b: Beowulf|Urshifu-Rapid-Strike, L50, M|100/100\n|switch|p2a: Roaring Moon|Roaring Moon, L50|100/100\n|switch|p2b: Iron Hands|Iron Hands, L50, shiny|100/100\n|-enditem|p2a: Roaring Moon|Booster Energy\n|-activate|p2a: Roaring Moon|ability: Protosynthesis|[fromitem]\n|-start|p2a: Roaring Moon|protosynthesisspe\n|turn|1\n|\n|t:|1773696641\n|-terastallize|p1b: Beowulf|Ghost\n|move|p1a: Vangwe|Tailwind|p1a: Vangwe\n|-sidestart|p1: Mirthinion|move: Tailwind\n|move|p1b: Beowulf|Close Combat|p2a: Roaring Moon\n|-supereffective|p2a: Roaring Moon\n|-damage|p2a: Roaring Moon|0 fnt\n|-unboost|p1b: Beowulf|def|1\n|-unboost|p1b: Beowulf|spd|1\n|faint|p2a: Roaring Moon\n|-end|p2a: Roaring Moon|Protosynthesis|[silent]\n|move|p2b: Iron Hands|Wild Charge|p1b: Beowulf\n|-damage|p1b: Beowulf|25/100\n|-damage|p2b: Iron Hands|87/100|[from] Recoil\n|\n|upkeep\n|-message|samael354 forfeited.\n|\n|win|Mirthinion\n|raw|Mirthinion's rating: 1357 &rarr; <strong>1381</strong><br />(+24 for winning)\n|raw|samael354's rating: 1421 &rarr; <strong>1397</strong><br />(-24 for losing)\n|l|\u2606samael354\n|player|p2|\n","uploadtime":1773696659,"views":88,"formatid":"gen9vgc2026regi","rating":1381,"private":0,"password":null}