{"id":"gen9vgc2026regi-2579194037","format":"[Gen 9] VGC 2026 Reg I","players":["uhh daneooo","yutarotaku"],"log":"|j|\u2606uhh daneooo\n|j|\u2606yutarotaku\n|t:|1775759485\n|gametype|doubles\n|player|p1|uhh daneooo|2|1470\n|player|p2|yutarotaku|266|1439\n|gen|9\n|tier|[Gen 9] VGC 2026 Reg I\n|rated|\n|rule|Species Clause: Limit one of each Pok\u00e9mon\n|rule|Item Clause: Limit 1 of each item\n|clearpoke\n|poke|p1|Grafaiai, L50, F|\n|poke|p1|Miraidon, L50|\n|poke|p1|Tornadus, L50, M|\n|poke|p1|Kyogre, L50|\n|poke|p1|Iron Treads, L50|\n|poke|p1|Flutter Mane, L50|\n|poke|p2|Calyrex-Shadow, L50|\n|poke|p2|Incineroar, L50, M|\n|poke|p2|Rillaboom, L50, M|\n|poke|p2|Kyogre, L50|\n|poke|p2|Tornadus, L50, M|\n|poke|p2|Brute Bonnet, L50|\n|teampreview|4\n|inactive|Battle timer is ON: inactive players will automatically lose when time's up. (requested by uhh daneooo)\n|inactive|uhh daneooo has 60 seconds left.\n|\n|t:|1775759539\n|teamsize|p1|4\n|teamsize|p2|4\n|start\n|switch|p1a: Miraidon|Miraidon, L50|100/100\n|switch|p1b: Grafaiai|Grafaiai, L50, F|100/100\n|switch|p2a: Incineroar|Incineroar, L50, M|100/100\n|switch|p2b: Rillaboom|Rillaboom, L50, M|100/100\n|-fieldstart|move: Electric Terrain|[from] ability: Hadron Engine|[of] p1a: Miraidon\n|-enditem|p1b: Grafaiai|Electric Seed\n|-boost|p1b: Grafaiai|def|1|[from] item: Electric Seed\n|-fieldstart|move: Grassy Terrain|[from] ability: Grassy Surge|[of] p2b: Rillaboom\n|-ability|p2a: Incineroar|Intimidate|boost\n|-unboost|p1a: Miraidon|atk|1\n|-unboost|p1b: Grafaiai|atk|1\n|turn|1\n|\n|t:|1775759557\n|move|p1b: Grafaiai|Acid Spray|p2b: Rillaboom\n|-supereffective|p2b: Rillaboom\n|-damage|p2b: Rillaboom|83/100\n|-unboost|p2b: Rillaboom|spd|2\n|move|p1a: Miraidon|Overheat|p2b: Rillaboom\n|-supereffective|p2b: Rillaboom\n|-damage|p2b: Rillaboom|0 fnt\n|-unboost|p1a: Miraidon|spa|2\n|faint|p2b: Rillaboom\n|move|p2a: Incineroar|Taunt|p1b: Grafaiai\n|-start|p1b: Grafaiai|move: Taunt\n|\n|upkeep\n|\n|t:|1775759572\n|switch|p2b: Calyrex|Calyrex-Shadow, L50|100/100\n|-ability|p2b: Calyrex|As One\n|-ability|p2b: Calyrex|Unnerve\n|turn|2\n|\n|t:|1775759595\n|switch|p1a: Kyogre|Kyogre, L50|100/100\n|-weather|RainDance|[from] ability: Drizzle|[of] p1a: Kyogre\n|move|p1b: Grafaiai|Acid Spray|p2a: Incineroar\n|-damage|p2a: Incineroar|91/100\n|-unboost|p2a: Incineroar|spd|2\n|move|p2b: Calyrex|Astral Barrage|p1a: Kyogre|[spread] p1a\n|-immune|p1b: Grafaiai\n|-damage|p1a: Kyogre|64/100\n|move|p2a: Incineroar|Knock Off|p1b: Grafaiai\n|-damage|p1b: Grafaiai|78/100\n|\n|-weather|RainDance|[upkeep]\n|-heal|p1b: Grafaiai|85/100|[from] Grassy Terrain\n|-heal|p1a: Kyogre|70/100|[from] Grassy Terrain\n|-heal|p2a: Incineroar|97/100|[from] Grassy Terrain\n|upkeep\n|turn|3\n|inactive|uhh daneooo has 30 seconds left.\n|\n|t:|1775759623\n|move|p1b: Grafaiai|Acid Spray|p2b: Calyrex\n|-resisted|p2b: Calyrex\n|-damage|p2b: Calyrex|95/100\n|-unboost|p2b: Calyrex|spd|2\n|move|p2b: Calyrex|Astral Barrage|p1a: Kyogre|[spread] p1a\n|-immune|p1b: Grafaiai\n|-damage|p1a: Kyogre|32/100\n|move|p1a: Kyogre|Origin Pulse|p2a: Incineroar|[spread] p2a,p2b\n|-supereffective|p2a: Incineroar\n|-crit|p2a: Incineroar\n|-damage|p2a: Incineroar|0 fnt\n|-damage|p2b: Calyrex|0 fnt\n|faint|p2a: Incineroar\n|faint|p2b: Calyrex\n|\n|-weather|RainDance|[upkeep]\n|-heal|p1b: Grafaiai|91/100|[from] Grassy Terrain\n|-heal|p1a: Kyogre|38/100|[from] Grassy Terrain\n|upkeep\n|-message|yutarotaku forfeited.\n|\n|win|uhh daneooo\n|raw|uhh daneooo's rating: 1470 &rarr; <strong>1488</strong><br />(+18 for winning)\n|raw|yutarotaku's rating: 1439 &rarr; <strong>1421</strong><br />(-18 for losing)\n|l|\u2606yutarotaku\n|player|p2|\n|l|\u2606uhh daneooo\n|player|p1|\n","uploadtime":1775759840,"views":11,"formatid":"gen9vgc2026regi","rating":1421,"private":0,"password":null}