{"id":"gen9vgc2026regi-2563189489","format":"[Gen 9] VGC 2026 Reg I","players":["pecurto23","Jonen"],"log":"|j|\u2606pecurto23\n|j|\u2606Jonen\n|t:|1774000718\n|gametype|doubles\n|player|p1|pecurto23|barry|1329\n|player|p2|Jonen|medium|1380\n|gen|9\n|tier|[Gen 9] VGC 2026 Reg I\n|rated|\n|rule|Species Clause: Limit one of each Pok\u00e9mon\n|rule|Item Clause: Limit 1 of each item\n|clearpoke\n|poke|p1|Incineroar, L50, M|\n|poke|p1|Grimmsnarl, L50, M|\n|poke|p1|Calyrex-Shadow, L50|\n|poke|p1|Clefairy, L50, M|\n|poke|p1|Zamazenta-*, L50|\n|poke|p1|Rillaboom, L50, M|\n|poke|p2|Groudon, L50|\n|poke|p2|Lunala, L50|\n|poke|p2|Sableye, L50, M|\n|poke|p2|Chi-Yu, L50|\n|poke|p2|Rillaboom, L50, M|\n|poke|p2|Jumpluff, L50, M|\n|teampreview|4\n|\n|t:|1774000759\n|teamsize|p1|4\n|teamsize|p2|4\n|start\n|switch|p1a: Clefairy|Clefairy, L50, M, shiny|100/100\n|switch|p1b: Calyrex|Calyrex-Shadow, L50|100/100\n|switch|p2a: Groudon|Groudon, L50|100/100\n|switch|p2b: Jumpluff|Jumpluff, L50, M|100/100\n|-ability|p1b: Calyrex|As One\n|-ability|p1b: Calyrex|Unnerve\n|-weather|SunnyDay|[from] ability: Drought|[of] p2a: Groudon\n|turn|1\n|\n|t:|1774000779\n|-terastallize|p1a: Clefairy|Grass\n|move|p1a: Clefairy|Follow Me|p1a: Clefairy\n|-singleturn|p1a: Clefairy|move: Follow Me\n|move|p2b: Jumpluff|Tailwind|p2b: Jumpluff\n|-sidestart|p2: Jonen|move: Tailwind\n|move|p2a: Groudon|Precipice Blades|p1b: Calyrex|[spread] p1b\n|-miss|p2a: Groudon|p1a: Clefairy\n|-damage|p1b: Calyrex|43/100\n|-damage|p2a: Groudon|91/100|[from] item: Life Orb\n|move|p1b: Calyrex|Nasty Plot|p1b: Calyrex\n|-boost|p1b: Calyrex|spa|2\n|\n|-weather|SunnyDay|[upkeep]\n|upkeep\n|turn|2\n|\n|t:|1774000805\n|move|p1b: Calyrex|Protect|p1b: Calyrex\n|-singleturn|p1b: Calyrex|Protect\n|move|p2b: Jumpluff|Encore|p1a: Clefairy\n|-start|p1a: Clefairy|Encore\n|move|p2a: Groudon|Precipice Blades|p1b: Calyrex|[spread] p1a\n|-activate|p1b: Calyrex|move: Protect\n|-resisted|p1a: Clefairy\n|-damage|p1a: Clefairy|74/100\n|-damage|p2a: Groudon|81/100|[from] item: Life Orb\n|move|p1a: Clefairy|Follow Me|p1a: Clefairy\n|-singleturn|p1a: Clefairy|move: Follow Me\n|\n|-weather|SunnyDay|[upkeep]\n|upkeep\n|turn|3\n|-message|pecurto23 forfeited.\n|\n|win|Jonen\n|raw|pecurto23's rating: 1329 &rarr; <strong>1312</strong><br />(-17 for losing)\n|raw|Jonen's rating: 1380 &rarr; <strong>1397</strong><br />(+17 for winning)\n","uploadtime":1774000825,"views":10,"formatid":"gen9vgc2026regi","rating":1312,"private":0,"password":null}