{"id":"gen9vgc2026regi-2557824171","format":"[Gen 9] VGC 2026 Reg I","players":["Rillabossman","wixxx"],"log":"|j|\u2606Rillabossman\n|j|\u2606wixxx\n|t:|1773362132\n|gametype|doubles\n|player|p1|Rillabossman|burglar|1429\n|player|p2|wixxx|101|1509\n|gen|9\n|tier|[Gen 9] VGC 2026 Reg I\n|rated|\n|rule|Species Clause: Limit one of each Pok\u00e9mon\n|rule|Item Clause: Limit 1 of each item\n|clearpoke\n|poke|p1|Lunala, L50|\n|poke|p1|Kyogre, L50|\n|poke|p1|Medicham, L50, F|\n|poke|p1|Landorus, L50, M|\n|poke|p1|Regieleki, L50|\n|poke|p1|Tsareena, L50, F|\n|poke|p2|Terapagos, L50, M|\n|poke|p2|Annihilape, L50, M|\n|poke|p2|Landorus, L50, M|\n|poke|p2|Urshifu-*, L50, F|\n|poke|p2|Calyrex-Shadow, L50|\n|poke|p2|Tornadus, L50, M|\n|teampreview|4\n|c|\u2606Rillabossman|glhf\n|\n|t:|1773362183\n|teamsize|p1|4\n|teamsize|p2|4\n|start\n|switch|p1a: Lunala|Lunala, L50, shiny|100/100\n|switch|p1b: Regieleki|Regieleki, L50, shiny|100/100\n|switch|p2a: Urshifu|Urshifu-Rapid-Strike, L50, F|100/100\n|switch|p2b: Tornadus|Tornadus, L50, M|100/100\n|turn|1\n|\n|t:|1773362208\n|switch|p1b: Medicham|Medicham, L50, F, shiny|100/100\n|move|p2b: Tornadus|Tailwind|p2b: Tornadus\n|-sidestart|p2: wixxx|move: Tailwind\n|move|p2a: Urshifu|Surging Strikes|p1b: Medicham\n|-crit|p1b: Medicham\n|-damage|p1b: Medicham|49/100\n|-crit|p1b: Medicham\n|-damage|p1b: Medicham|0 fnt\n|faint|p1b: Medicham\n|-hitcount|p1: Medicham|2\n|move|p1a: Lunala|Tailwind|p1a: Lunala\n|-sidestart|p1: Rillabossman|move: Tailwind\n|\n|upkeep\n|\n|t:|1773362215\n|switch|p1b: Regieleki|Regieleki, L50, shiny|100/100\n|turn|2\n|\n|t:|1773362241\n|switch|p2a: Terapagos|Terapagos, L50, M|100/100\n|-activate|p2a: Terapagos|ability: Tera Shift\n|detailschange|p2a: Terapagos|Terapagos-Terastal, L50, M\n|-heal|p2a: Terapagos|100/100|[silent]\n|move|p1b: Regieleki|Electroweb|p2a: Terapagos|[spread] p2a,p2b\n|-activate|p2a: Terapagos|ability: Tera Shell\n|-resisted|p2a: Terapagos\n|-supereffective|p2b: Tornadus\n|-damage|p2a: Terapagos|85/100\n|-damage|p2b: Tornadus|17/100\n|-unboost|p2a: Terapagos|spe|1\n|move|p1a: Lunala|Moongeist Beam|p2b: Tornadus\n|-damage|p2b: Tornadus|0 fnt\n|faint|p2b: Tornadus\n|\n|upkeep\n|\n|t:|1773362260\n|switch|p2b: Calyrex|Calyrex-Shadow, L50|100/100\n|-ability|p2b: Calyrex|As One\n|-ability|p2b: Calyrex|Unnerve\n|turn|3\n|\n|t:|1773362279\n|-terastallize|p2b: Calyrex|Normal\n|-terastallize|p1a: Lunala|Fairy\n|move|p1b: Regieleki|Electroweb|p2b: Calyrex|[spread] p2a,p2b\n|-damage|p2a: Terapagos|54/100\n|-damage|p2b: Calyrex|68/100\n|-unboost|p2a: Terapagos|spe|1\n|-unboost|p2b: Calyrex|spe|1\n|move|p1a: Lunala|Moonblast|p2a: Terapagos\n|-damage|p2a: Terapagos|12/100\n|-unboost|p2a: Terapagos|spa|1\n|move|p2b: Calyrex|Psychic|p1a: Lunala\n|-damage|p1a: Lunala|77/100\n|move|p2a: Terapagos|Dark Pulse|p1a: Lunala\n|-resisted|p1a: Lunala\n|-damage|p1a: Lunala|67/100\n|\n|upkeep\n|turn|4\n|-message|wixxx forfeited.\n|\n|win|Rillabossman\n|raw|Rillabossman's rating: 1429 &rarr; <strong>1454</strong><br />(+25 for winning)\n|raw|wixxx's rating: 1509 &rarr; <strong>1484</strong><br />(-25 for losing)\n","uploadtime":1773362487,"views":18,"formatid":"gen9vgc2026regi","rating":1454,"private":0,"password":null}