{"id":"gen9vgc2026regi-2579600341","format":"[Gen 9] VGC 2026 Reg I","players":["v 15fb","TheManOfSausage"],"log":"|j|\u2606v 15fb\n|j|\u2606TheManOfSausage\n|t:|1775803878\n|gametype|doubles\n|player|p1|v 15fb|clown|1388\n|player|p2|TheManOfSausage|miku-water|1686\n|gen|9\n|tier|[Gen 9] VGC 2026 Reg I\n|rated|\n|rule|Species Clause: Limit one of each Pok\u00e9mon\n|rule|Item Clause: Limit 1 of each item\n|clearpoke\n|poke|p1|Terapagos, L50, M|\n|poke|p1|Calyrex-Shadow, L50|\n|poke|p1|Iron Hands, L50|\n|poke|p1|Smeargle, L50, F|\n|poke|p1|Chi-Yu, L50|\n|poke|p1|Whimsicott, L50, M|\n|poke|p2|Calyrex-Ice, L50|\n|poke|p2|Miraidon, L50|\n|poke|p2|Farigiraf, L50, F|\n|poke|p2|Urshifu-*, L50, M|\n|poke|p2|Volcarona, L50, M|\n|poke|p2|Iron Hands, L50|\n|teampreview|4\n|inactive|Battle timer is ON: inactive players will automatically lose when time's up. (requested by v 15fb)\nTheManOfSausage has agreed to open team sheets.\n|inactive|v 15fb has 60 seconds left.\n|\n|t:|1775803926\n|teamsize|p1|4\n|teamsize|p2|4\n|start\n|switch|p1a: Chi-Yu|Chi-Yu, L50|100/100\n|switch|p1b: Calyrex|Calyrex-Shadow, L50|100/100\n|switch|p2a: Magical Mirai|Miraidon, L50|100/100\n|switch|p2b: Urshifu|Urshifu-Rapid-Strike, L50, M|100/100\n|-ability|p1b: Calyrex|As One\n|-ability|p1b: Calyrex|Unnerve\n|-fieldstart|move: Electric Terrain|[from] ability: Hadron Engine|[of] p2a: Magical Mirai\n|-ability|p1a: Chi-Yu|Beads of Ruin\n|turn|1\n|inactive|v 15fb has 30 seconds left.\n|inactive|v 15fb has 20 seconds left.\n|inactive|v 15fb has 15 seconds left.\n|\n|t:|1775803970\n|switch|p1b: Iron Hands|Iron Hands, L50|100/100\n|-activate|p1b: Iron Hands|ability: Quark Drive\n|-start|p1b: Iron Hands|quarkdriveatk\n|-terastallize|p2b: Urshifu|Stellar\n|move|p2a: Magical Mirai|Electro Drift|p1a: Chi-Yu\n|-damage|p1a: Chi-Yu|0 fnt\n|faint|p1a: Chi-Yu\n|move|p2b: Urshifu|Surging Strikes|p1b: Iron Hands\n|-crit|p1b: Iron Hands\n|-damage|p1b: Iron Hands|79/100\n|-crit|p1b: Iron Hands\n|-damage|p1b: Iron Hands|58/100\n|-crit|p1b: Iron Hands\n|-damage|p1b: Iron Hands|37/100\n|-hitcount|p1b: Iron Hands|3\n|\n|upkeep\n|\n|t:|1775803986\n|switch|p1a: Terapagos|Terapagos, L50, M|100/100\n|-activate|p1a: Terapagos|ability: Tera Shift\n|detailschange|p1a: Terapagos|Terapagos-Terastal, L50, M\n|-heal|p1a: Terapagos|100/100|[silent]\n|turn|2\n|inactive|v 15fb has 30 seconds left.\n|\n|t:|1775804012\n|-terastallize|p1a: Terapagos|Stellar\n|detailschange|p1a: Terapagos|Terapagos-Stellar, L50, M, tera:Stellar\n|-heal|p1a: Terapagos|100/100|[silent]\n|-ability|p1a: Terapagos|Teraform Zero\n|-fieldend|move: Electric Terrain\n|-end|p1b: Iron Hands|Quark Drive\n|move|p2b: Urshifu|Detect|p2b: Urshifu\n|-singleturn|p2b: Urshifu|Protect\n|move|p2a: Magical Mirai|Electro Drift|p1a: Terapagos\n|-damage|p1a: Terapagos|60/100\n|move|p1a: Terapagos|Tera Starstorm|p2a: Magical Mirai|[spread] p2a\n|-activate|p2b: Urshifu|move: Protect\n|-damage|p2a: Magical Mirai|65/100\n|move|p1b: Iron Hands|Low Kick|p2a: Magical Mirai\n|-damage|p2a: Magical Mirai|0 fnt\n|faint|p2a: Magical Mirai\n|\n|upkeep\n|\n|t:|1775804016\n|switch|p2a: Ogurin|Calyrex-Ice, L50|100/100\n|-ability|p2a: Ogurin|As One\n|-ability|p2a: Ogurin|Unnerve\n|turn|3\n|inactive|v 15fb has 30 seconds left.\n|\n|t:|1775804048\n|switch|p1a: Calyrex|Calyrex-Shadow, L50|100/100\n|-ability|p1a: Calyrex|As One\n|-ability|p1a: Calyrex|Unnerve\n|move|p2b: Urshifu|Close Combat|p1a: Calyrex\n|-immune|p1a: Calyrex\n|move|p1b: Iron Hands|Wild Charge|p2b: Urshifu\n|-supereffective|p2b: Urshifu\n|-enditem|p2b: Urshifu|Focus Sash\n|-damage|p2b: Urshifu|1/100\n|-damage|p1b: Iron Hands|19/100|[from] Recoil\n|move|p2a: Ogurin|Trick Room|p2a: Ogurin\n|-fieldstart|move: Trick Room|[of] p2a: Ogurin\n|\n|upkeep\n|turn|4\n|inactive|v 15fb has 30 seconds left.\n|inactive|v 15fb has 20 seconds left.\n|\n|t:|1775804086\n|-end|p1b: Iron Hands|Quark Drive|[silent]\n|switch|p1b: Terapagos|Terapagos-Stellar, L50, M, tera:Stellar|60/100\n|move|p2b: Urshifu|Aqua Jet|p1a: Calyrex\n|-damage|p1a: Calyrex|73/100\n|move|p2a: Ogurin|Glacial Lance|p1a: Calyrex|[spread] p1a,p1b\n|-damage|p1a: Calyrex|12/100\n|-damage|p1b: Terapagos|23/100\n|move|p1a: Calyrex|Astral Barrage|p2b: Urshifu|[spread] p2a,p2b\n|-supereffective|p2a: Ogurin\n|-crit|p2a: Ogurin\n|-damage|p2a: Ogurin|0 fnt\n|-damage|p2b: Urshifu|0 fnt\n|faint|p2a: Ogurin\n|faint|p2b: Urshifu\n|-ability|p1a: Calyrex|Grim Neigh|boost\n|-boost|p1a: Calyrex|spa|2\n|-damage|p1a: Calyrex|3/100|[from] item: Life Orb\n|\n|upkeep\n|c|\u2606TheManOfSausage|gg\n|-message|TheManOfSausage forfeited.\n|\n|win|v 15fb\n|raw|v 15fb's rating: 1388 &rarr; <strong>1422</strong><br />(+34 for winning)\n|raw|TheManOfSausage's rating: 1686 &rarr; <strong>1652</strong><br />(-34 for losing)\n|l|\u2606TheManOfSausage\n|player|p2|\n|l|\u2606v 15fb\n|player|p1|\n","uploadtime":1775804331,"views":9,"formatid":"gen9vgc2026regi","rating":1422,"private":0,"password":null}