{"id":"gen9vgc2026regi-2516987832","format":"[Gen 9] VGC 2026 Reg I","players":["raekyuu","It'sJustKen VGC"],"log":"|j|\u2606raekyuu\n|j|\u2606It'sJustKen VGC\n|t:|1768213013\n|gametype|doubles\n|player|p1|raekyuu|170|1111\n|player|p2|It'sJustKen VGC|170|1079\n|gen|9\n|tier|[Gen 9] VGC 2026 Reg I\n|rated|\n|rule|Species Clause: Limit one of each Pok\u00e9mon\n|rule|Item Clause: Limit 1 of each item\n|clearpoke\n|poke|p1|Koraidon, L50|\n|poke|p1|Flutter Mane, L50|\n|poke|p1|Rillaboom, L50, F|\n|poke|p1|Incineroar, L50, F|\n|poke|p1|Clefairy, L50, M|\n|poke|p1|Calyrex-Shadow, L50|\n|poke|p2|Urshifu-*, L50, M|\n|poke|p2|Incineroar, L50, M|\n|poke|p2|Calyrex-Shadow, L50|\n|poke|p2|Amoonguss, L50, M|\n|poke|p2|Tornadus, L50, M|\n|poke|p2|Chien-Pao, L50|\n|teampreview|4\n|\n|t:|1768213030\n|teamsize|p1|4\n|teamsize|p2|4\n|start\n|switch|p1a: Rillaboom|Rillaboom, L50, F|100/100\n|switch|p1b: Calyrex|Calyrex-Shadow, L50|100/100\n|switch|p2a: Calyrex|Calyrex-Shadow, L50|100/100\n|switch|p2b: Tornadus|Tornadus, L50, M|100/100\n|-ability|p1b: Calyrex|As One\n|-ability|p1b: Calyrex|Unnerve\n|-ability|p2a: Calyrex|As One\n|-ability|p2a: Calyrex|Unnerve\n|-fieldstart|move: Grassy Terrain|[from] ability: Grassy Surge|[of] p1a: Rillaboom\n|turn|1\n|\n|t:|1768213044\n|switch|p2a: Incineroar|Incineroar, L50, M|100/100\n|-ability|p2a: Incineroar|Intimidate|boost\n|-unboost|p1a: Rillaboom|atk|1\n|-unboost|p1b: Calyrex|atk|1\n|-terastallize|p1b: Calyrex|Dark\n|move|p2b: Tornadus|Protect|p2b: Tornadus\n|-singleturn|p2b: Tornadus|Protect\n|move|p1a: Rillaboom|Grassy Glide|p2a: Incineroar\n|-resisted|p2a: Incineroar\n|-crit|p2a: Incineroar\n|-damage|p2a: Incineroar|71/100\n|move|p1b: Calyrex|Astral Barrage|p2b: Tornadus|[spread] p2a\n|-activate|p2b: Tornadus|move: Protect\n|-resisted|p2a: Incineroar\n|-damage|p2a: Incineroar|47/100\n|-damage|p1b: Calyrex|91/100|[from] item: Life Orb\n|\n|-heal|p1b: Calyrex|96/100|[from] Grassy Terrain\n|-heal|p2a: Incineroar|53/100|[from] Grassy Terrain\n|upkeep\n|turn|2\n|\n|t:|1768213074\n|move|p2b: Tornadus|Tailwind|p2b: Tornadus\n|-sidestart|p2: It'sJustKen VGC|move: Tailwind\n|move|p2a: Incineroar|Flare Blitz|p1a: Rillaboom\n|-supereffective|p1a: Rillaboom\n|-damage|p1a: Rillaboom|0 fnt\n|faint|p1a: Rillaboom\n|-damage|p2a: Incineroar|22/100|[from] Recoil\n|move|p1b: Calyrex|Nasty Plot|p1b: Calyrex\n|-boost|p1b: Calyrex|spa|2\n|\n|-heal|p2a: Incineroar|28/100|[from] Grassy Terrain\n|-heal|p1b: Calyrex|100/100|[from] Grassy Terrain\n|upkeep\n|\n|t:|1768213086\n|switch|p1a: Koraidon|Koraidon, L50|100/100\n|-weather|SunnyDay|[from] ability: Orichalcum Pulse|[of] p1a: Koraidon\n|-activate|p1a: Koraidon|Orichalcum Pulse|[source]\n|turn|3\n|\n|t:|1768213096\n|move|p1b: Calyrex|Protect|p1b: Calyrex\n|-singleturn|p1b: Calyrex|Protect\n|move|p2b: Tornadus|Bleakwind Storm|p1a: Koraidon|[spread] p1a\n|-activate|p1b: Calyrex|move: Protect\n|-supereffective|p1a: Koraidon\n|-damage|p1a: Koraidon|24/100\n|move|p2a: Incineroar|Flare Blitz|p1b: Calyrex\n|-activate|p1b: Calyrex|move: Protect\n|move|p1a: Koraidon|Flame Charge|p2a: Incineroar\n|-resisted|p2a: Incineroar\n|-damage|p2a: Incineroar|10/100\n|-boost|p1a: Koraidon|spe|1\n|\n|-weather|SunnyDay|[upkeep]\n|-heal|p1a: Koraidon|30/100|[from] Grassy Terrain\n|-heal|p2a: Incineroar|16/100|[from] Grassy Terrain\n|upkeep\n|turn|4\n|\n|t:|1768213114\n|move|p2b: Tornadus|Bleakwind Storm|p1a: Koraidon|[spread] p1a,p1b\n|-supereffective|p1a: Koraidon\n|-crit|p1b: Calyrex\n|-damage|p1a: Koraidon|0 fnt\n|-damage|p1b: Calyrex|44/100\n|faint|p1a: Koraidon\n|move|p2a: Incineroar|Flare Blitz|p1b: Calyrex\n|-damage|p1b: Calyrex|0 fnt\n|faint|p1b: Calyrex\n|-damage|p2a: Incineroar|3/100|[from] Recoil\n|\n|-weather|SunnyDay|[upkeep]\n|-heal|p2a: Incineroar|8/100|[from] Grassy Terrain\n|upkeep\n|-message|raekyuu forfeited.\n|\n|win|It'sJustKen VGC\n|raw|raekyuu's rating: 1111 &rarr; <strong>1084</strong><br />(-27 for losing)\n|raw|It&apos;sJustKen VGC's rating: 1079 &rarr; <strong>1110</strong><br />(+31 for winning)\n|l|\u2606raekyuu\n|player|p1|\n","uploadtime":1768213122,"views":13,"formatid":"gen9vgc2026regi","rating":1084,"private":0,"password":null}