{"id":"gen9vgc2026regi-2562295090","format":"[Gen 9] VGC 2026 Reg I","players":["Clueless Duelist","jj11j1"],"log":"|j|\u2606Clueless Duelist\n|j|\u2606jj11j1\n|t:|1773893050\n|gametype|doubles\n|player|p1|Clueless Duelist|urbain|1260\n|player|p2|jj11j1|266|1369\n|gen|9\n|tier|[Gen 9] VGC 2026 Reg I\n|rated|\n|rule|Species Clause: Limit one of each Pok\u00e9mon\n|rule|Item Clause: Limit 1 of each item\n|clearpoke\n|poke|p1|Miraidon, L50|\n|poke|p1|Calyrex-Ice, L50|\n|poke|p1|Amoonguss, L50, F|\n|poke|p1|Incineroar, L50, M|\n|poke|p1|Urshifu-*, L50, F|\n|poke|p1|Landorus, L50, M|\n|poke|p2|Kyogre, L50|\n|poke|p2|Calyrex-Ice, L50|\n|poke|p2|Landorus, L50, M|\n|poke|p2|Urshifu-*, L50, F|\n|poke|p2|Smeargle, L50, M|\n|poke|p2|Flutter Mane, L50|\n|teampreview|4\n|inactive|Battle timer is ON: inactive players will automatically lose when time's up. (requested by Clueless Duelist)\n|\n|t:|1773893073\n|teamsize|p1|4\n|teamsize|p2|4\n|start\n|switch|p1a: Incineroar|Incineroar, L50, M|100/100\n|switch|p1b: Urshifu|Urshifu-Rapid-Strike, L50, F|100/100\n|switch|p2a: Smeargle|Smeargle, L50, M|100/100\n|switch|p2b: Calyrex|Calyrex-Ice, L50|100/100\n|-ability|p2b: Calyrex|As One\n|-ability|p2b: Calyrex|Unnerve\n|-ability|p1a: Incineroar|Intimidate|boost\n|-unboost|p2a: Smeargle|atk|1\n|-fail|p2b: Calyrex|unboost|[from] item: Clear Amulet|[of] p2b: Calyrex\n|-enditem|p2a: Smeargle|Eject Pack\n|\n|t:|1773893089\n|switch|p2a: Flutter Mane|Flutter Mane, L50|100/100\n|turn|1\n|\n|t:|1773893110\n|-terastallize|p2b: Calyrex|Grass\n|move|p2a: Flutter Mane|Moonblast|p1b: Urshifu\n|-supereffective|p1b: Urshifu\n|-enditem|p1b: Urshifu|Focus Sash\n|-damage|p1b: Urshifu|1/100\n|move|p1b: Urshifu|Surging Strikes|p2a: Flutter Mane\n|-crit|p2a: Flutter Mane\n|-damage|p2a: Flutter Mane|50/100\n|-crit|p2a: Flutter Mane\n|-damage|p2a: Flutter Mane|4/100\n|-crit|p2a: Flutter Mane\n|-damage|p2a: Flutter Mane|0 fnt\n|faint|p2a: Flutter Mane\n|-end|p2a: Flutter Mane|Protosynthesis|[silent]\n|-hitcount|p2: Flutter Mane|3\n|move|p1a: Incineroar|Knock Off|p2b: Calyrex\n|-damage|p2b: Calyrex|74/100\n|-enditem|p2b: Calyrex|Clear Amulet|[from] move: Knock Off|[of] p1a: Incineroar\n|move|p2b: Calyrex|Trick Room|p2b: Calyrex\n|-fieldstart|move: Trick Room|[of] p2b: Calyrex\n|\n|upkeep\n|\n|t:|1773893132\n|switch|p2a: Kyogre|Kyogre, L50|100/100\n|-weather|RainDance|[from] ability: Drizzle|[of] p2a: Kyogre\n|turn|2\n|inactive|Clueless Duelist has 30 seconds left.\n|\n|t:|1773893162\n|-terastallize|p1a: Incineroar|Bug\n|move|p2a: Kyogre|Water Spout|p1b: Urshifu|[spread] p1a,p1b\n|-resisted|p1b: Urshifu\n|-damage|p1a: Incineroar|37/100\n|-damage|p1b: Urshifu|0 fnt\n|faint|p1b: Urshifu\n|move|p2b: Calyrex|Imprison|p2b: Calyrex\n|-start|p2b: Calyrex|move: Imprison\n|move|p1a: Incineroar|U-turn|p2b: Calyrex\n|-supereffective|p2b: Calyrex\n|-damage|p2b: Calyrex|33/100\n|\n|t:|1773893173\n|switch|p1a: Calyrex|Calyrex-Ice, L50|100/100|[from] U-turn\n|-ability|p1a: Calyrex|As One\n|-ability|p1a: Calyrex|Unnerve\n|\n|-weather|RainDance|[upkeep]\n|upkeep\n|\n|t:|1773893179\n|switch|p1b: Incineroar|Incineroar, L50, M, tera:Bug|37/100\n|-ability|p1b: Incineroar|Intimidate|boost\n|-unboost|p2a: Kyogre|atk|1\n|-unboost|p2b: Calyrex|atk|1\n|turn|3\n|\n|t:|1773893195\n|move|p1b: Incineroar|Fake Out|p2a: Kyogre\n|-damage|p2a: Kyogre|87/100\n|cant|p2a: Kyogre|flinch\n|move|p2b: Calyrex|Glacial Lance|p1a: Calyrex|[spread] p1a,p1b\n|-resisted|p1a: Calyrex\n|-damage|p1a: Calyrex|89/100\n|-damage|p1b: Incineroar|0 fnt\n|faint|p1b: Incineroar\n|-ability|p2b: Calyrex|Chilling Neigh|boost\n|-boost|p2b: Calyrex|atk|1\n|move|p1a: Calyrex|High Horsepower|p2b: Calyrex\n|-resisted|p2b: Calyrex\n|-damage|p2b: Calyrex|21/100\n|\n|-weather|RainDance|[upkeep]\n|upkeep\n|\n|t:|1773893208\n|switch|p1b: Miraidon|Miraidon, L50|100/100\n|-fieldstart|move: Electric Terrain|[from] ability: Hadron Engine|[of] p1b: Miraidon\n|turn|4\n|-message|Clueless Duelist forfeited.\n|\n|win|jj11j1\n|raw|Clueless Duelist's rating: 1260 &rarr; <strong>1243</strong><br />(-17 for losing)\n|raw|jj11j1's rating: 1369 &rarr; <strong>1383</strong><br />(+14 for winning)\n|l|\u2606Clueless Duelist\n|player|p1|\n|l|\u2606jj11j1\n|player|p2|\n","uploadtime":1773893367,"views":10,"formatid":"gen9vgc2026regi","rating":1243,"private":0,"password":null}