{"id":"gen9vgc2026regi-2523104244","format":"[Gen 9] VGC 2026 Reg I","players":["mikoag","marcxhenry"],"log":"|j|\u2606mikoag\n|j|\u2606marcxhenry\n|t:|1768988121\n|gametype|doubles\n|player|p1|mikoag|102|1343\n|player|p2|marcxhenry|hilbert-wonderlauncher|1454\n|gen|9\n|tier|[Gen 9] VGC 2026 Reg I\n|rated|\n|rule|Species Clause: Limit one of each Pok\u00e9mon\n|rule|Item Clause: Limit 1 of each item\n|clearpoke\n|poke|p1|Miraidon, L50|\n|poke|p1|Lunala, L50|\n|poke|p1|Incineroar, L50, M|\n|poke|p1|Urshifu-*, L50, F|\n|poke|p1|Ursaluna, L50, F|\n|poke|p1|Sinistcha-Masterpiece, L50|\n|poke|p2|Calyrex-Shadow, L50|\n|poke|p2|Urshifu-*, L50, M|\n|poke|p2|Roaring Moon, L50|\n|poke|p2|Kyogre, L50|\n|poke|p2|Tsareena, L50, F|\n|poke|p2|Kingambit, L50, M|\n|teampreview|4\n|\n|t:|1768988189\n|teamsize|p1|4\n|teamsize|p2|4\n|start\n|switch|p1a: Miraidon|Miraidon, L50|100/100\n|switch|p1b: Urshifu|Urshifu-Rapid-Strike, L50, F|100/100\n|switch|p2a: Tripitz|Kyogre, L50, shiny|100/100\n|switch|p2b: Eva|Tsareena, L50, F, shiny|100/100\n|-fieldstart|move: Electric Terrain|[from] ability: Hadron Engine|[of] p1a: Miraidon\n|-weather|RainDance|[from] ability: Drizzle|[of] p2a: Tripitz\n|turn|1\n|\n|t:|1768988229\n|-terastallize|p2a: Tripitz|Ground\n|move|p1a: Miraidon|Parabolic Charge|p2a: Tripitz|[spread] p1b,p2b\n|-immune|p2a: Tripitz\n|-supereffective|p1b: Urshifu\n|-resisted|p2b: Eva\n|-enditem|p1b: Urshifu|Focus Sash\n|-damage|p1b: Urshifu|1/100\n|-damage|p2b: Eva|60/100\n|move|p1b: Urshifu|Close Combat|p2b: Eva\n|-damage|p2b: Eva|0 fnt\n|-unboost|p1b: Urshifu|def|1\n|-unboost|p1b: Urshifu|spd|1\n|faint|p2b: Eva\n|move|p2a: Tripitz|Origin Pulse|p1a: Miraidon|[spread] p1a,p1b\n|-resisted|p1a: Miraidon\n|-resisted|p1b: Urshifu\n|-damage|p1a: Miraidon|58/100\n|-damage|p1b: Urshifu|0 fnt\n|faint|p1b: Urshifu\n|\n|-weather|RainDance|[upkeep]\n|upkeep\n|\n|t:|1768988252\n|switch|p1b: Lunala|Lunala, L50|100/100\n|switch|p2b: Hermann|Kingambit, L50, M, shiny|100/100\n|turn|2\n|\n|t:|1768988266\n|-terastallize|p1a: Miraidon|Electric\n|move|p1b: Lunala|Wide Guard|p1b: Lunala\n|-singleturn|p1b: Lunala|Wide Guard\n|move|p2b: Hermann|Sucker Punch|p1a: Miraidon\n|-damage|p1a: Miraidon|16/100\n|move|p1a: Miraidon|Parabolic Charge|p2a: Tripitz|[spread] p2b\n|-activate|p1b: Lunala|move: Wide Guard\n|-immune|p2a: Tripitz\n|-damage|p2b: Hermann|44/100\n|-heal|p1a: Miraidon|49/100|[from] drain|[of] p2b: Hermann\n|move|p2a: Tripitz|Hydro Pump|p1a: Miraidon\n|-damage|p1a: Miraidon|0 fnt\n|faint|p1a: Miraidon\n|\n|-weather|RainDance|[upkeep]\n|upkeep\n|\n|t:|1768988285\n|switch|p1a: Ursaluna|Ursaluna, L50, F|100/100\n|turn|3\n|\n|t:|1768988298\n|move|p1a: Ursaluna|Protect|p1a: Ursaluna\n|-singleturn|p1a: Ursaluna|Protect\n|move|p2a: Tripitz|Water Spout|p1b: Lunala|[spread] p1b\n|-activate|p1a: Ursaluna|move: Protect\n|-damage|p1b: Lunala|51/100\n|move|p2b: Hermann|Kowtow Cleave|p1b: Lunala\n|-supereffective|p1b: Lunala\n|-damage|p1b: Lunala|0 fnt\n|faint|p1b: Lunala\n|\n|-weather|RainDance|[upkeep]\n|-status|p1a: Ursaluna|brn|[from] item: Flame Orb\n|upkeep\n|turn|4\n|-message|mikoag forfeited.\n|\n|win|marcxhenry\n|raw|mikoag's rating: 1343 &rarr; <strong>1329</strong><br />(-14 for losing)\n|raw|marcxhenry's rating: 1454 &rarr; <strong>1468</strong><br />(+14 for winning)\n|l|\u2606mikoag\n|player|p1|\n|l|\u2606marcxhenry\n|player|p2|\n","uploadtime":1768988482,"views":12,"formatid":"gen9vgc2026regi","rating":1329,"private":0,"password":null}