{"id":"gen9vgc2026regi-2563178063","format":"[Gen 9] VGC 2026 Reg I","players":["TheManOfSausage","bonobobohemio"],"log":"|j|\u2606TheManOfSausage\n|j|\u2606bonobobohemio\n|t:|1773999029\n|gametype|doubles\n|player|p1|TheManOfSausage|miku-water|1384\n|player|p2|bonobobohemio|blaine|1505\n|gen|9\n|tier|[Gen 9] VGC 2026 Reg I\n|rated|\n|rule|Species Clause: Limit one of each Pok\u00e9mon\n|rule|Item Clause: Limit 1 of each item\n|clearpoke\n|poke|p1|Calyrex-Ice, L50|\n|poke|p1|Miraidon, L50|\n|poke|p1|Incineroar, L50, M|\n|poke|p1|Urshifu-*, L50, M|\n|poke|p1|Landorus, L50, M|\n|poke|p1|Grimmsnarl, L50, M|\n|poke|p2|Kyurem-Black, L50|\n|poke|p2|Miraidon, L50|\n|poke|p2|Chesnaught, L50, F|\n|poke|p2|Volcarona, L50, F|\n|poke|p2|Grimmsnarl, L50, M|\n|poke|p2|Gyarados, L50, F|\n|teampreview|4\n|inactive|Battle timer is ON: inactive players will automatically lose when time's up. (requested by bonobobohemio)\nTheManOfSausage has agreed to open team sheets.\nbonobobohemio rejected open team sheets.\n|inactive|TheManOfSausage has 60 seconds left.\n|\n|t:|1773999060\n|teamsize|p1|4\n|teamsize|p2|4\n|start\n|switch|p1a: Magical Mirai|Miraidon, L50|100/100\n|switch|p1b: Grimmsnarl|Grimmsnarl, L50, M, shiny|100/100\n|switch|p2a: Grimmsnarl|Grimmsnarl, L50, M|100/100\n|switch|p2b: Miraidon|Miraidon, L50|100/100\n|-fieldstart|move: Electric Terrain|[from] ability: Hadron Engine|[of] p1a: Magical Mirai\n|-activate|p2b: Miraidon|ability: Hadron Engine\n|turn|1\n|\n|t:|1773999073\n|move|p1b: Grimmsnarl|Light Screen|p1b: Grimmsnarl\n|-sidestart|p1: TheManOfSausage|move: Light Screen\n|move|p2a: Grimmsnarl|Light Screen|p2a: Grimmsnarl\n|-sidestart|p2: bonobobohemio|move: Light Screen\n|move|p1a: Magical Mirai|Volt Switch|p2a: Grimmsnarl\n|-damage|p2a: Grimmsnarl|54/100\n|\n|t:|1773999075\n|switch|p1a: Ogurin|Calyrex-Ice, L50|100/100|[from] Volt Switch\n|-ability|p1a: Ogurin|As One\n|-ability|p1a: Ogurin|Unnerve\n|move|p2b: Miraidon|Snarl|p1b: Grimmsnarl|[spread] p1a,p1b\n|-supereffective|p1a: Ogurin\n|-resisted|p1b: Grimmsnarl\n|-damage|p1a: Ogurin|80/100\n|-damage|p1b: Grimmsnarl|98/100\n|-unboost|p1a: Ogurin|spa|1\n|-unboost|p1b: Grimmsnarl|spa|1\n|\n|-heal|p1a: Ogurin|86/100|[from] item: Leftovers\n|upkeep\n|turn|2\n|\n|t:|1773999085\n|move|p2b: Miraidon|Electro Drift|p1a: Ogurin\n|-damage|p1a: Ogurin|41/100\n|move|p2a: Grimmsnarl|Foul Play|p1a: Ogurin\n|-supereffective|p1a: Ogurin\n|-damage|p1a: Ogurin|0 fnt\n|faint|p1a: Ogurin\n|move|p1b: Grimmsnarl|Spirit Break|p2a: Grimmsnarl\n|-supereffective|p2a: Grimmsnarl\n|-damage|p2a: Grimmsnarl|2/100\n|-unboost|p2a: Grimmsnarl|spa|1\n|\n|upkeep\n|\n|t:|1773999095\n|switch|p1a: Incineroar|Incineroar, L50, M, shiny|100/100\n|-ability|p1a: Incineroar|Intimidate|boost\n|-unboost|p2a: Grimmsnarl|atk|1\n|-unboost|p2b: Miraidon|atk|1\n|turn|3\n|\n|t:|1773999100\n|switch|p2a: Chesnaught|Chesnaught, L50, F|100/100\n|-enditem|p2a: Chesnaught|Electric Seed\n|-boost|p2a: Chesnaught|def|1|[from] item: Electric Seed\n|move|p2b: Miraidon|Volt Switch|p1a: Incineroar\n|-damage|p1a: Incineroar|71/100\n|\n|t:|1773999106\n|switch|p2b: Grimmsnarl|Grimmsnarl, L50, M|2/100|[from] Volt Switch\n|move|p1a: Incineroar|U-turn|p2a: Chesnaught\n|-damage|p2a: Chesnaught|93/100\n|\n|t:|1773999109\n|switch|p1a: Magical Mirai|Miraidon, L50|100/100|[from] U-turn\n|-activate|p1a: Magical Mirai|ability: Hadron Engine\n|move|p1b: Grimmsnarl|Spirit Break|p2b: Grimmsnarl\n|-supereffective|p2b: Grimmsnarl\n|-damage|p2b: Grimmsnarl|0 fnt\n|faint|p2b: Grimmsnarl\n|\n|upkeep\n|-message|TheManOfSausage forfeited.\n|\n|win|bonobobohemio\n|raw|TheManOfSausage's rating: 1384 &rarr; <strong>1371</strong><br />(-13 for losing)\n|raw|bonobobohemio's rating: 1505 &rarr; <strong>1518</strong><br />(+13 for winning)\n|l|\u2606TheManOfSausage\n|player|p1|\n|l|\u2606bonobobohemio\n|player|p2|\n","uploadtime":1773999372,"views":11,"formatid":"gen9vgc2026regi","rating":1371,"private":0,"password":null}