{"id":"gen9vgc2026regi-2540990306","format":"[Gen 9] VGC 2026 Reg I","players":["marcxhenry","dogpeg"],"log":"|j|\u2606marcxhenry\n|j|\u2606dogpeg\n|t:|1771273965\n|gametype|doubles\n|player|p1|marcxhenry|hilbert-wonderlauncher|1504\n|player|p2|dogpeg|101|1378\n|gen|9\n|tier|[Gen 9] VGC 2026 Reg I\n|rated|\n|rule|Species Clause: Limit one of each Pok\u00e9mon\n|rule|Item Clause: Limit 1 of each item\n|clearpoke\n|poke|p1|Calyrex-Shadow, L50|\n|poke|p1|Urshifu-*, L50, M|\n|poke|p1|Roaring Moon, L50|\n|poke|p1|Kyogre, L50|\n|poke|p1|Tsareena, L50, F|\n|poke|p1|Kingambit, L50, M|\n|poke|p2|Miraidon, L50|\n|poke|p2|Lunala, L50|\n|poke|p2|Incineroar, L50, M|\n|poke|p2|Ursaluna, L50, M|\n|poke|p2|Whimsicott, L50, F|\n|poke|p2|Urshifu-*, L50, M|\n|teampreview|4\n|\n|t:|1771273990\n|teamsize|p1|4\n|teamsize|p2|4\n|start\n|switch|p1a: Ludwig|Calyrex-Shadow, L50|100/100\n|switch|p1b: Tripitz|Kyogre, L50, shiny|100/100\n|switch|p2a: Miraidon|Miraidon, L50|100/100\n|switch|p2b: Lunala|Lunala, L50|100/100\n|-ability|p1a: Ludwig|As One\n|-ability|p1a: Ludwig|Unnerve\n|-fieldstart|move: Electric Terrain|[from] ability: Hadron Engine|[of] p2a: Miraidon\n|-enditem|p2b: Lunala|Electric Seed\n|-boost|p2b: Lunala|def|1|[from] item: Electric Seed\n|-weather|RainDance|[from] ability: Drizzle|[of] p1b: Tripitz\n|turn|1\n|\n|t:|1771274011\n|-terastallize|p1b: Tripitz|Ground\n|move|p2b: Lunala|Wide Guard|p2b: Lunala\n|-singleturn|p2b: Lunala|Wide Guard\n|move|p1a: Ludwig|Psychic|p2a: Miraidon\n|-damage|p2a: Miraidon|51/100\n|move|p2a: Miraidon|Volt Switch|p1a: Ludwig\n|-enditem|p1a: Ludwig|Focus Sash\n|-damage|p1a: Ludwig|1/100\n|\n|t:|1771274023\n|switch|p2a: Whimsicott|Whimsicott, L50, F|100/100|[from] Volt Switch\n|move|p1b: Tripitz|Hydro Pump|p2a: Whimsicott|[miss]\n|-miss|p1b: Tripitz|p2a: Whimsicott\n|\n|-weather|RainDance|[upkeep]\n|upkeep\n|turn|2\n|\n|t:|1771274052\n|-terastallize|p2b: Lunala|Fairy\n|move|p2a: Whimsicott|Light Screen|p2a: Whimsicott\n|-sidestart|p2: dogpeg|move: Light Screen\n|move|p1b: Tripitz|Water Spout|p2b: Lunala|[spread] p2a,p2b\n|-resisted|p2a: Whimsicott\n|-damage|p2a: Whimsicott|41/100\n|-damage|p2b: Lunala|73/100\n|move|p2b: Lunala|Dazzling Gleam|p1b: Tripitz|[spread] p1a,p1b\n|-damage|p1a: Ludwig|0 fnt\n|-damage|p1b: Tripitz|77/100\n|faint|p1a: Ludwig\n|\n|-weather|RainDance|[upkeep]\n|upkeep\n|\n|t:|1771274062\n|switch|p1a: Hermann|Kingambit, L50, M, shiny|100/100\n|turn|3\n|\n|t:|1771274071\n|move|p1b: Tripitz|Protect|p1b: Tripitz\n|-singleturn|p1b: Tripitz|Protect\n|move|p2a: Whimsicott|Tailwind|p2a: Whimsicott\n|-sidestart|p2: dogpeg|move: Tailwind\n|move|p2b: Lunala|Dazzling Gleam|p1a: Hermann|[spread] p1a\n|-activate|p1b: Tripitz|move: Protect\n|-damage|p1a: Hermann|79/100\n|move|p1a: Hermann|Iron Head|p2b: Lunala\n|-supereffective|p2b: Lunala\n|-damage|p2b: Lunala|16/100\n|\n|-weather|RainDance|[upkeep]\n|upkeep\n|turn|4\n|-message|marcxhenry forfeited.\n|\n|win|dogpeg\n|raw|marcxhenry's rating: 1504 &rarr; <strong>1477</strong><br />(-27 for losing)\n|raw|dogpeg's rating: 1378 &rarr; <strong>1405</strong><br />(+27 for winning)\n|l|\u2606marcxhenry\n|player|p1|\n|l|\u2606dogpeg\n|player|p2|\n","uploadtime":1771274293,"views":37,"formatid":"gen9vgc2026regi","rating":1405,"private":0,"password":null}