{"id":"gen9vgc2026regi-2551068943","format":"[Gen 9] VGC 2026 Reg I","players":["willscharnagl","kojimuranishi"],"log":"|j|\u2606willscharnagl\n|j|\u2606kojimuranishi\n|t:|1772562172\n|gametype|doubles\n|player|p1|willscharnagl|101|1495\n|player|p2|kojimuranishi|1|1565\n|gen|9\n|tier|[Gen 9] VGC 2026 Reg I\n|rated|\n|rule|Species Clause: Limit one of each Pok\u00e9mon\n|rule|Item Clause: Limit 1 of each item\n|clearpoke\n|poke|p1|Venusaur, L50, F|\n|poke|p1|Flutter Mane, L50|\n|poke|p1|Groudon, L50|\n|poke|p1|Calyrex-Ice, L50|\n|poke|p1|Ogerpon-Cornerstone, L50, F|\n|poke|p1|Raging Bolt, L50|\n|poke|p2|Raging Bolt, L50|\n|poke|p2|Calyrex-Ice, L50|\n|poke|p2|Kyogre, L50|\n|poke|p2|Indeedee-F, L50, F|\n|poke|p2|Ursaluna, L50, F|\n|poke|p2|Chien-Pao, L50|\n|teampreview|4\n|inactive|Battle timer is ON: inactive players will automatically lose when time's up. (requested by willscharnagl)\n|inactive|kojimuranishi has 60 seconds left.\n|\n|t:|1772562214\n|teamsize|p1|4\n|teamsize|p2|4\n|start\n|switch|p1a: Calyrex|Calyrex-Ice, L50|100/100\n|switch|p1b: Ogerpon|Ogerpon-Cornerstone, L50, F|100/100\n|switch|p2a: Indeedee|Indeedee-F, L50, F|100/100\n|switch|p2b: Calyrex|Calyrex-Ice, L50|100/100\n|-ability|p1a: Calyrex|As One\n|-ability|p1a: Calyrex|Unnerve\n|-ability|p2b: Calyrex|As One\n|-ability|p2b: Calyrex|Unnerve\n|-fieldstart|move: Psychic Terrain|[from] ability: Psychic Surge|[of] p2a: Indeedee\n|turn|1\n|\n|t:|1772562232\n|-terastallize|p2b: Calyrex|Water\n|move|p1b: Ogerpon|Ivy Cudgel|p2a: Indeedee|[anim] Ivy Cudgel Rock\n|-damage|p2a: Indeedee|33/100\n|move|p1a: Calyrex|Imprison|p1a: Calyrex\n|-start|p1a: Calyrex|move: Imprison\n|cant|p2b: Calyrex|move: Imprison|Glacial Lance\n|cant|p2a: Indeedee|move: Imprison|Trick Room\n|\n|upkeep\n|turn|2\n|c|\u2606willscharnagl|rough\n|\n|t:|1772562255\n|move|p2b: Calyrex|Protect|p2b: Calyrex\n|-singleturn|p2b: Calyrex|Protect\n|move|p1b: Ogerpon|Ivy Cudgel|p2a: Indeedee|[anim] Ivy Cudgel Rock\n|-crit|p2a: Indeedee\n|-damage|p2a: Indeedee|0 fnt\n|faint|p2a: Indeedee\n|move|p1a: Calyrex|Leech Seed|p2b: Calyrex\n|-activate|p2b: Calyrex|move: Protect\n|\n|upkeep\n|\n|t:|1772562265\n|switch|p2a: Kyogre|Kyogre, L50|100/100\n|-weather|RainDance|[from] ability: Drizzle|[of] p2a: Kyogre\n|turn|3\n|\n|t:|1772562272\n|switch|p2b: Ursaluna|Ursaluna, L50, F|100/100\n|-terastallize|p1a: Calyrex|Water\n|move|p2a: Kyogre|Water Spout|p1a: Calyrex|[spread] p1a,p1b\n|-resisted|p1a: Calyrex\n|-damage|p1a: Calyrex|69/100\n|-ability|p1b: Ogerpon|Sturdy\n|-damage|p1b: Ogerpon|1/100\n|move|p1b: Ogerpon|Power Whip|p2a: Kyogre\n|-supereffective|p2a: Kyogre\n|-damage|p2a: Kyogre|0 fnt\n|faint|p2a: Kyogre\n|move|p1a: Calyrex|Leech Seed|p2b: Ursaluna\n|-start|p2b: Ursaluna|move: Leech Seed\n|\n|-weather|RainDance|[upkeep]\n|-damage|p2b: Ursaluna|88/100|[from] Leech Seed|[of] p1a: Calyrex\n|-heal|p1a: Calyrex|83/100|[silent]\n|-status|p2b: Ursaluna|brn|[from] item: Flame Orb\n|upkeep\n|-message|kojimuranishi forfeited.\n|\n|win|willscharnagl\n|raw|willscharnagl's rating: 1495 &rarr; <strong>1519</strong><br />(+24 for winning)\n|raw|kojimuranishi's rating: 1565 &rarr; <strong>1541</strong><br />(-24 for losing)\n|l|\u2606kojimuranishi\n|player|p2|\n","uploadtime":1772562484,"views":26,"formatid":"gen9vgc2026regi","rating":1519,"private":0,"password":null}