{"id":"gen9vgc2026regi-2548269034","format":"[Gen 9] VGC 2026 Reg I","players":["vivaueki","partigiano jonny"],"log":"|j|\u2606vivaueki\n|j|\u2606partigiano jonny\n|t:|1772196691\n|gametype|doubles\n|player|p1|vivaueki|ghetsis|1184\n|player|p2|partigiano jonny|volkner|1180\n|gen|9\n|tier|[Gen 9] VGC 2026 Reg I\n|rated|\n|rule|Species Clause: Limit one of each Pok\u00e9mon\n|rule|Item Clause: Limit 1 of each item\n|clearpoke\n|poke|p1|Zacian-*, L50|\n|poke|p1|Kyogre, L50|\n|poke|p1|Tornadus, L50, M|\n|poke|p1|Raging Bolt, L50|\n|poke|p1|Indeedee-F, L50, F|\n|poke|p1|Incineroar, L50, F|\n|poke|p2|Miraidon, L50|\n|poke|p2|Lunala, L50|\n|poke|p2|Incineroar, L50, M|\n|poke|p2|Ursaluna, L50, M|\n|poke|p2|Urshifu-*, L50, F|\n|poke|p2|Whimsicott, L50, F|\n|teampreview|4\n|\n|t:|1772196717\n|teamsize|p1|4\n|teamsize|p2|4\n|start\n|switch|p1a: Tornadus|Tornadus, L50, M|100/100\n|switch|p1b: Zacian|Zacian-Crowned, L50|100/100\n|switch|p2a: Lunala|Lunala, L50|100/100\n|switch|p2b: Incineroar|Incineroar, L50, M|100/100\n|-ability|p1b: Zacian|Intrepid Sword|boost\n|-boost|p1b: Zacian|atk|1\n|-ability|p2b: Incineroar|Intimidate|boost\n|-unboost|p1a: Tornadus|atk|1\n|-unboost|p1b: Zacian|atk|1\n|turn|1\n|\n|t:|1772196745\n|switch|p1b: Kyogre|Kyogre, L50|100/100\n|-weather|RainDance|[from] ability: Drizzle|[of] p1b: Kyogre\n|move|p1a: Tornadus|Taunt|p2a: Lunala\n|-start|p2a: Lunala|move: Taunt\n|move|p2b: Incineroar|U-turn|p1a: Tornadus\n|-resisted|p1a: Tornadus\n|-damage|p1a: Tornadus|90/100\n|\n|t:|1772196753\n|switch|p2b: Miraidon|Miraidon, L50|100/100|[from] U-turn\n|-fieldstart|move: Electric Terrain|[from] ability: Hadron Engine|[of] p2b: Miraidon\n|-enditem|p2a: Lunala|Electric Seed\n|-boost|p2a: Lunala|def|1|[from] item: Electric Seed\n|cant|p2a: Lunala|move: Taunt|Trick Room\n|\n|-weather|RainDance|[upkeep]\n|upkeep\n|turn|2\n|\n|t:|1772196774\n|switch|p2a: Incineroar|Incineroar, L50, M|100/100\n|-ability|p2a: Incineroar|Intimidate|boost\n|-unboost|p1a: Tornadus|atk|1\n|-unboost|p1b: Kyogre|atk|1\n|-terastallize|p1b: Kyogre|Grass\n|move|p1a: Tornadus|Tailwind|p1a: Tornadus\n|-sidestart|p1: vivaueki|move: Tailwind\n|move|p1b: Kyogre|Calm Mind|p1b: Kyogre\n|-boost|p1b: Kyogre|spa|1\n|-boost|p1b: Kyogre|spd|1\n|move|p2b: Miraidon|Electro Drift|p1a: Tornadus\n|-supereffective|p1a: Tornadus\n|-damage|p1a: Tornadus|0 fnt\n|faint|p1a: Tornadus\n|\n|-weather|RainDance|[upkeep]\n|upkeep\n|\n|t:|1772196793\n|switch|p1a: Indeedee|Indeedee-F, L50, F|100/100\n|-fieldstart|move: Psychic Terrain|[from] ability: Psychic Surge|[of] p1a: Indeedee\n|turn|3\n|\n|t:|1772196837\n|switch|p2b: Lunala|Lunala, L50|100/100\n|-terastallize|p2a: Incineroar|Bug\n|move|p1a: Indeedee|Helping Hand|p1b: Kyogre\n|-singleturn|p1b: Kyogre|Helping Hand|[of] p1a: Indeedee\n|move|p1b: Kyogre|Ice Beam|p2b: Lunala\n|-damage|p2b: Lunala|72/100\n|-status|p2b: Lunala|frz\n|move|p2a: Incineroar|U-turn|p1a: Indeedee\n|-supereffective|p1a: Indeedee\n|-damage|p1a: Indeedee|41/100\n|-damage|p2a: Incineroar|84/100|[from] item: Rocky Helmet|[of] p1a: Indeedee\n|\n|t:|1772196848\n|switch|p2a: Miraidon|Miraidon, L50|100/100|[from] U-turn\n|-fieldstart|move: Electric Terrain|[from] ability: Hadron Engine|[of] p2a: Miraidon\n|\n|-weather|RainDance|[upkeep]\n|upkeep\n|turn|4\n|-message|vivaueki forfeited.\n|\n|win|partigiano jonny\n|raw|vivaueki's rating: 1184 &rarr; <strong>1159</strong><br />(-25 for losing)\n|raw|partigiano jonny's rating: 1180 &rarr; <strong>1205</strong><br />(+25 for winning)\n","uploadtime":1772196864,"views":8,"formatid":"gen9vgc2026regi","rating":1159,"private":0,"password":null}