{"id":"gen9vgc2026regi-2528194471","format":"[Gen 9] VGC 2026 Reg I","players":["Yuki0908","lalo's pollos"],"log":"|j|\u2606Yuki0908\n|j|\u2606lalo's pollos\n|t:|1769628884\n|gametype|doubles\n|player|p1|Yuki0908|lady|1293\n|player|p2|lalo's pollos|169|1410\n|gen|9\n|tier|[Gen 9] VGC 2026 Reg I\n|rated|\n|rule|Species Clause: Limit one of each Pok\u00e9mon\n|rule|Item Clause: Limit 1 of each item\n|clearpoke\n|poke|p1|Miraidon, L50|\n|poke|p1|Ho-Oh, L50|\n|poke|p1|Amoonguss, L50, F|\n|poke|p1|Urshifu-*, L50, M|\n|poke|p1|Incineroar, L50, F|\n|poke|p1|Ting-Lu, L50|\n|poke|p2|Miraidon, L50|\n|poke|p2|Landorus, L50, M|\n|poke|p2|Incineroar, L50, F|\n|poke|p2|Iron Bundle, L50|\n|poke|p2|Farigiraf, L50, M|\n|poke|p2|Calyrex-Ice, L50|\n|teampreview|4\n|\n|t:|1769628908\n|teamsize|p1|4\n|teamsize|p2|4\n|start\n|switch|p1a: Ho-Oh|Ho-Oh, L50|100/100\n|switch|p1b: Incineroar|Incineroar, L50, F|100/100\n|switch|p2a: Co-Star|Miraidon, L50|100/100\n|switch|p2b: the Manager|Farigiraf, L50, M|100/100\n|-fieldstart|move: Electric Terrain|[from] ability: Hadron Engine|[of] p2a: Co-Star\n|-ability|p1b: Incineroar|Intimidate|boost\n|-unboost|p2a: Co-Star|atk|1\n|-unboost|p2b: the Manager|atk|1\n|turn|1\n|\n|t:|1769628927\n|-terastallize|p1a: Ho-Oh|Fairy\n|move|p2b: the Manager|Helping Hand|p2a: Co-Star\n|-singleturn|p2a: Co-Star|Helping Hand|[of] p2b: the Manager\n|move|p2a: Co-Star|Electro Drift|p1b: Incineroar\n|-damage|p1b: Incineroar|0 fnt\n|faint|p1b: Incineroar\n|move|p1a: Ho-Oh|Sacred Fire|p2b: the Manager\n|-damage|p2b: the Manager|52/100\n|\n|upkeep\n|\n|t:|1769628938\n|switch|p1b: Miraidon|Miraidon, L50|100/100\n|-activate|p1b: Miraidon|ability: Hadron Engine\n|turn|2\n|\n|t:|1769628949\n|move|p1b: Miraidon|Protect|p1b: Miraidon\n|-singleturn|p1b: Miraidon|Protect\n|move|p2a: Co-Star|Electro Drift|p1a: Ho-Oh\n|-damage|p1a: Ho-Oh|17/100\n|move|p1a: Ho-Oh|Sacred Fire|p2b: the Manager\n|-damage|p2b: the Manager|3/100\n|-status|p2b: the Manager|brn\n|move|p2b: the Manager|Trick Room|p2b: the Manager\n|-fieldstart|move: Trick Room|[of] p2b: the Manager\n|\n|-heal|p1a: Ho-Oh|23/100|[from] item: Leftovers\n|-damage|p2b: the Manager|0 fnt|[from] brn\n|faint|p2b: the Manager\n|upkeep\n|\n|t:|1769628957\n|switch|p2b: Calyrex|Calyrex-Ice, L50|100/100\n|-ability|p2b: Calyrex|As One\n|-ability|p2b: Calyrex|Unnerve\n|turn|3\n|\n|t:|1769628980\n|switch|p1a: Amoonguss|Amoonguss, L50, F|100/100\n|switch|p2a: Landorus|Landorus, L50, M|100/100\n|move|p2b: Calyrex|Glacial Lance|p1a: Amoonguss|[spread] p1a,p1b\n|-supereffective|p1a: Amoonguss\n|-supereffective|p1b: Miraidon\n|-damage|p1a: Amoonguss|16/100\n|-damage|p1b: Miraidon|0 fnt\n|faint|p1b: Miraidon\n|-ability|p2b: Calyrex|Chilling Neigh|boost\n|-boost|p2b: Calyrex|atk|1\n|\n|upkeep\n|\n|t:|1769628991\n|switch|p1b: Ho-Oh|Ho-Oh, L50, tera:Fairy|56/100\n|turn|4\n|inactive|Battle timer is ON: inactive players will automatically lose when time's up. (requested by Yuki0908)\n|inactive|lalo's pollos has 60 seconds left.\n|\n|t:|1769629068\n|move|p1a: Amoonguss|Pollen Puff|p1b: Ho-Oh\n|-heal|p1b: Ho-Oh|100/100\n|move|p2b: Calyrex|Glacial Lance|p1b: Ho-Oh|[spread] p1a,p1b\n|-supereffective|p1a: Amoonguss\n|-damage|p1a: Amoonguss|0 fnt\n|-damage|p1b: Ho-Oh|43/100\n|faint|p1a: Amoonguss\n|-ability|p2b: Calyrex|Chilling Neigh|boost\n|-boost|p2b: Calyrex|atk|1\n|move|p1b: Ho-Oh|Sacred Fire|p2b: Calyrex\n|-supereffective|p2b: Calyrex\n|-damage|p2b: Calyrex|48/100\n|move|p2a: Landorus|Sludge Bomb|p1b: Ho-Oh\n|-supereffective|p1b: Ho-Oh\n|-damage|p1b: Ho-Oh|0 fnt\n|faint|p1b: Ho-Oh\n|\n|win|lalo's pollos\n|raw|Yuki0908's rating: 1293 &rarr; <strong>1276</strong><br />(-17 for losing)\n|raw|lalo&apos;s pollos's rating: 1410 &rarr; <strong>1424</strong><br />(+14 for winning)\n|l|\u2606Yuki0908\n|player|p1|\n","uploadtime":1769629272,"views":18,"formatid":"gen9vgc2026regi","rating":1276,"private":0,"password":null}