{"id":"gen9vgc2026regi-2529372212","format":"[Gen 9] VGC 2026 Reg I","players":["blackred123","tbyong"],"log":"|j|\u2606blackred123\n|j|\u2606tbyong\n|t:|1769780226\n|gametype|doubles\n|player|p1|blackred123|iono-masters|1435\n|player|p2|tbyong|iris-gen5bw2|1284\n|gen|9\n|tier|[Gen 9] VGC 2026 Reg I\n|rated|\n|rule|Species Clause: Limit one of each Pok\u00e9mon\n|rule|Item Clause: Limit 1 of each item\n|clearpoke\n|poke|p1|Calyrex-Shadow, L50|\n|poke|p1|Annihilape, L50, M|\n|poke|p1|Zamazenta-*, L50|\n|poke|p1|Tornadus, L50, M|\n|poke|p1|Rillaboom, L50, M|\n|poke|p1|Amoonguss, L50, M|\n|poke|p2|Calyrex-Ice, L50|\n|poke|p2|Lunala, L50|\n|poke|p2|Indeedee-F, L50, F|\n|poke|p2|Urshifu-*, L50, F|\n|poke|p2|Raging Bolt, L50|\n|poke|p2|Torkoal, L50, F|\n|teampreview|4\n|inactive|Battle timer is ON: inactive players will automatically lose when time's up. (requested by blackred123)\n|\n|t:|1769780257\n|teamsize|p1|4\n|teamsize|p2|4\n|start\n|switch|p1a: \u5927\u9a6c|Calyrex-Shadow, L50|100/100\n|switch|p1b: \u4e8c\u72d7|Zamazenta-Crowned, L50|100/100\n|switch|p2a: Lunala|Lunala, L50|100/100\n|switch|p2b: Calyrex|Calyrex-Ice, L50|100/100\n|-ability|p1a: \u5927\u9a6c|As One\n|-ability|p1a: \u5927\u9a6c|Unnerve\n|-ability|p2b: Calyrex|As One\n|-ability|p2b: Calyrex|Unnerve\n|-ability|p1b: \u4e8c\u72d7|Dauntless Shield|boost\n|-boost|p1b: \u4e8c\u72d7|def|1\n|turn|1\n|inactive|tbyong has 30 seconds left.\n|\n|t:|1769780289\n|switch|p2b: Urshifu|Urshifu-Rapid-Strike, L50, F|100/100\n|move|p1a: \u5927\u9a6c|Astral Barrage|p2b: Urshifu|[spread] p2a,p2b\n|-supereffective|p2a: Lunala\n|-crit|p2a: Lunala\n|-damage|p2a: Lunala|0 fnt\n|-damage|p2b: Urshifu|34/100\n|faint|p2a: Lunala\n|-ability|p1a: \u5927\u9a6c|Grim Neigh|boost\n|-boost|p1a: \u5927\u9a6c|spa|1\n|move|p1b: \u4e8c\u72d7|Body Press|p2b: Urshifu\n|-damage|p2b: Urshifu|0 fnt\n|faint|p2b: Urshifu\n|\n|upkeep\n|-message|tbyong forfeited.\n|\n|win|blackred123\n|raw|blackred123's rating: 1435 &rarr; <strong>1447</strong><br />(+12 for winning)\n|raw|tbyong's rating: 1284 &rarr; <strong>1269</strong><br />(-15 for losing)\n|l|\u2606tbyong\n|player|p2|\n","uploadtime":1769780304,"views":17,"formatid":"gen9vgc2026regi","rating":1269,"private":0,"password":null}