{"id":"gen9vgc2026regi-2555786589","format":"[Gen 9] VGC 2026 Reg I","players":["EllenJoe2026","drive stone"],"log":"|j|\u2606EllenJoe2026\n|j|\u2606drive stone\n|t:|1773136246\n|gametype|doubles\n|player|p1|EllenJoe2026|170|1592\n|player|p2|drive stone|cilan|1502\n|gen|9\n|tier|[Gen 9] VGC 2026 Reg I\n|rated|\n|rule|Species Clause: Limit one of each Pok\u00e9mon\n|rule|Item Clause: Limit 1 of each item\n|clearpoke\n|poke|p1|Calyrex-Shadow, L50|\n|poke|p1|Zamazenta-*, L50|\n|poke|p1|Chien-Pao, L50|\n|poke|p1|Dragonite, L50, F|\n|poke|p1|Tornadus, L50, M|\n|poke|p1|Urshifu-*, L50, F|\n|poke|p2|Calyrex-Ice, L50|\n|poke|p2|Ho-Oh, L50|\n|poke|p2|Overqwil, L50, M|\n|poke|p2|Rillaboom, L50, F|\n|poke|p2|Ting-Lu, L50|\n|poke|p2|Ogerpon-Wellspring, L50, F|\n|teampreview|4\n|inactive|Battle timer is ON: inactive players will automatically lose when time's up. (requested by EllenJoe2026)\n|inactive|EllenJoe2026 has 60 seconds left.\n|\n|t:|1773136277\n|teamsize|p1|4\n|teamsize|p2|4\n|start\n|switch|p1a: Dragonite|Dragonite, L50, F|100/100\n|switch|p1b: Chien-Pao|Chien-Pao, L50, shiny|100/100\n|switch|p2a: Calyrex|Calyrex-Ice, L50|100/100\n|switch|p2b: Overqwil|Overqwil, L50, M|100/100\n|-ability|p2a: Calyrex|As One\n|-ability|p2a: Calyrex|Unnerve\n|-ability|p1b: Chien-Pao|Sword of Ruin\n|-ability|p2b: Overqwil|Intimidate|boost\n|-fail|p1a: Dragonite|unboost|Attack|[from] ability: Inner Focus|[of] p1a: Dragonite\n|-unboost|p1b: Chien-Pao|atk|1\n|turn|1\n|inactive|EllenJoe2026 has 30 seconds left.\n|inactive|EllenJoe2026 has 20 seconds left.\n|\n|t:|1773136314\n|-terastallize|p1a: Dragonite|Normal\n|-terastallize|p2a: Calyrex|Water\n|move|p1a: Dragonite|Extreme Speed|p2b: Overqwil\n|-damage|p2b: Overqwil|19/100\n|move|p1b: Chien-Pao|Sucker Punch||[still]\n|-fail|p1b: Chien-Pao\n|move|p2b: Overqwil|Toxic Spikes|p1b: Chien-Pao\n|-sidestart|p1: EllenJoe2026|move: Toxic Spikes\n|move|p2a: Calyrex|Trick Room|p2a: Calyrex\n|-fieldstart|move: Trick Room|[of] p2a: Calyrex\n|\n|-heal|p2b: Overqwil|25/100|[from] item: Black Sludge\n|upkeep\n|turn|2\n|\n|t:|1773136339\n|switch|p2b: Ting-Lu|Ting-Lu, L50|100/100\n|-ability|p2b: Ting-Lu|Vessel of Ruin\n|move|p1a: Dragonite|Extreme Speed|p2a: Calyrex\n|-damage|p2a: Calyrex|53/100\n|move|p1b: Chien-Pao|Sucker Punch|p2a: Calyrex\n|-damage|p2a: Calyrex|35/100\n|move|p2a: Calyrex|Glacial Lance|p1a: Dragonite|[spread] p1a,p1b\n|-resisted|p1b: Chien-Pao\n|-damage|p1a: Dragonite|41/100\n|-damage|p1b: Chien-Pao|68/100\n|\n|-heal|p2a: Calyrex|41/100|[from] item: Leftovers\n|upkeep\n|turn|3\n|\n|t:|1773136363\n|switch|p2a: Ho-Oh|Ho-Oh, L50|100/100\n|move|p1a: Dragonite|Extreme Speed|p2a: Ho-Oh\n|-damage|p2a: Ho-Oh|32/100\n|-damage|p1a: Dragonite|25/100|[from] item: Rocky Helmet|[of] p2a: Ho-Oh\n|move|p2b: Ting-Lu|Earthquake|p1b: Chien-Pao|[spread] p1a,p1b\n|-immune|p2a: Ho-Oh\n|-damage|p1a: Dragonite|0 fnt\n|-damage|p1b: Chien-Pao|0 fnt\n|faint|p1a: Dragonite\n|faint|p1b: Chien-Pao\n|\n|upkeep\n|\n|t:|1773136375\n|switch|p1a: Urshifu|Urshifu-Rapid-Strike, L50, F|100/100\n|switch|p1b: Calyrex|Calyrex-Shadow, L50|100/100\n|-ability|p1b: Calyrex|As One\n|-ability|p1b: Calyrex|Unnerve\n|-status|p1b: Calyrex|psn\n|-status|p1a: Urshifu|psn\n|turn|4\n|-message|EllenJoe2026 forfeited.\n|\n|win|drive stone\n|raw|EllenJoe2026's rating: 1592 &rarr; <strong>1567</strong><br />(-25 for losing)\n|raw|drive stone's rating: 1502 &rarr; <strong>1527</strong><br />(+25 for winning)\n|l|\u2606EllenJoe2026\n|player|p1|\n|l|\u2606drive stone\n|player|p2|\n","uploadtime":1773136627,"views":28,"formatid":"gen9vgc2026regi","rating":1527,"private":0,"password":null}