{"id":"gen9vgc2026regi-2515875203","format":"[Gen 9] VGC 2026 Reg I","players":["liam.2025","blackred123\u6c38\u96cf\u5854\u83f2\u4fa0"],"log":"|j|\u2606liam.2025\n|j|\u2606blackred123\u6c38\u96cf\u5854\u83f2\u4fa0\n|t:|1768054766\n|gametype|doubles\n|player|p1|liam.2025|policeman|1233\n|player|p2|blackred123\u6c38\u96cf\u5854\u83f2\u4fa0|iono-masters|1323\n|gen|9\n|tier|[Gen 9] VGC 2026 Reg I\n|rated|\n|rule|Species Clause: Limit one of each Pok\u00e9mon\n|rule|Item Clause: Limit 1 of each item\n|clearpoke\n|poke|p1|Murkrow, L50, F|\n|poke|p1|Weezing-Galar, L50, F|\n|poke|p1|Terapagos, L50, M|\n|poke|p1|Smeargle, L50, M|\n|poke|p1|Calyrex-Ice, L50|\n|poke|p1|Ursaluna, L50, M|\n|poke|p2|Calyrex-Shadow, L50|\n|poke|p2|Koraidon, L50|\n|poke|p2|Brute Bonnet, L50|\n|poke|p2|Landorus, L50, M|\n|poke|p2|Raging Bolt, L50|\n|poke|p2|Incineroar, L50, F|\n|teampreview|4\n|inactive|Battle timer is ON: inactive players will automatically lose when time's up. (requested by blackred123\u6c38\u96cf\u5854\u83f2\u4fa0)\n|inactive|liam.2025 has 60 seconds left.\n|\n|t:|1768054809\n|teamsize|p1|4\n|teamsize|p2|4\n|start\n|switch|p1a: Murkrow|Murkrow, L50, F|100/100\n|switch|p1b: Calyrex|Calyrex-Ice, L50|100/100\n|switch|p2a: Koraidon|Koraidon, L50|100/100\n|switch|p2b: Brute Bonnet|Brute Bonnet, L50, shiny|100/100\n|-ability|p1b: Calyrex|As One\n|-ability|p1b: Calyrex|Unnerve\n|-weather|SunnyDay|[from] ability: Orichalcum Pulse|[of] p2a: Koraidon\n|-activate|p2b: Brute Bonnet|ability: Protosynthesis\n|-start|p2b: Brute Bonnet|protosynthesisdef\n|-activate|p2a: Koraidon|Orichalcum Pulse|[source]\n|turn|1\n|\n|t:|1768054833\n|-terastallize|p2a: Koraidon|Fire\n|move|p1a: Murkrow|Tailwind|p1a: Murkrow\n|-sidestart|p1: liam.2025|move: Tailwind\n|move|p1b: Calyrex|Glacial Lance|p2b: Brute Bonnet|[spread] p2a,p2b\n|-resisted|p2a: Koraidon\n|-supereffective|p2b: Brute Bonnet\n|-damage|p2a: Koraidon|82/100\n|-damage|p2b: Brute Bonnet|50/100\n|move|p2a: Koraidon|Flare Blitz|p1b: Calyrex\n|-supereffective|p1b: Calyrex\n|-damage|p1b: Calyrex|0 fnt\n|faint|p1b: Calyrex\n|-damage|p2a: Koraidon|49/100|[from] Recoil\n|move|p2b: Brute Bonnet|Spore|p1a: Murkrow\n|-status|p1a: Murkrow|slp|[from] move: Spore\n|\n|-weather|SunnyDay|[upkeep]\n|upkeep\n|\n|t:|1768054848\n|switch|p1b: Terapagos|Terapagos, L50, M|100/100\n|-activate|p1b: Terapagos|ability: Tera Shift\n|detailschange|p1b: Terapagos|Terapagos-Terastal, L50, M\n|-heal|p1b: Terapagos|100/100|[silent]\n|turn|2\n|\n|t:|1768054865\n|move|p2a: Koraidon|Protect|p2a: Koraidon\n|-singleturn|p2a: Koraidon|Protect\n|move|p1b: Terapagos|Tera Starstorm|p2b: Brute Bonnet\n|-damage|p2b: Brute Bonnet|0 fnt\n|faint|p2b: Brute Bonnet\n|-end|p2b: Brute Bonnet|Protosynthesis|[silent]\n|cant|p1a: Murkrow|slp\n|\n|-weather|SunnyDay|[upkeep]\n|upkeep\n|\n|t:|1768054876\n|switch|p2b: Incineroar|Incineroar, L50, F|100/100\n|-ability|p2b: Incineroar|Intimidate|boost\n|-unboost|p1a: Murkrow|atk|1\n|-unboost|p1b: Terapagos|atk|1\n|turn|3\n|inactive|liam.2025 has 30 seconds left.\n|\n|t:|1768054905\n|move|p2b: Incineroar|Fake Out|p1b: Terapagos\n|-activate|p1b: Terapagos|ability: Tera Shell\n|-resisted|p1b: Terapagos\n|-damage|p1b: Terapagos|96/100\n|cant|p1b: Terapagos|flinch\n|-curestatus|p1a: Murkrow|slp|[msg]\n|move|p1a: Murkrow|Brave Bird|p2a: Koraidon\n|-damage|p2a: Koraidon|23/100\n|-damage|p1a: Murkrow|87/100|[from] Recoil\n|move|p2a: Koraidon|Collision Course|p1b: Terapagos\n|-supereffective|p1b: Terapagos\n|-damage|p1b: Terapagos|0 fnt\n|faint|p1b: Terapagos\n|\n|-weather|SunnyDay|[upkeep]\n|upkeep\n|-message|liam.2025 forfeited.\n|\n|win|blackred123\u6c38\u96cf\u5854\u83f2\u4fa0\n|raw|liam.2025's rating: 1233 &rarr; <strong>1214</strong><br />(-19 for losing)\n|raw|blackred123\u6c38\u96cf\u5854\u83f2\u4fa0's rating: 1323 &rarr; <strong>1338</strong><br />(+15 for winning)\n|l|\u2606liam.2025\n|player|p1|\n","uploadtime":1768055079,"views":16,"formatid":"gen9vgc2026regi","rating":1214,"private":0,"password":null}