{"id":"gen9vgc2026regi-2530106336","format":"[Gen 9] VGC 2026 Reg I","players":["blackred123","infinitygroudon"],"log":"|j|\u2606blackred123\n|j|\u2606infinitygroudon\n|t:|1769876690\n|gametype|doubles\n|player|p1|blackred123|iono-masters|1439\n|player|p2|infinitygroudon|102|1408\n|gen|9\n|tier|[Gen 9] VGC 2026 Reg I\n|rated|\n|rule|Species Clause: Limit one of each Pok\u00e9mon\n|rule|Item Clause: Limit 1 of each item\n|clearpoke\n|poke|p1|Zacian-*, L50|\n|poke|p1|Kyogre, L50|\n|poke|p1|Amoonguss, L50, F|\n|poke|p1|Incineroar, L50, F|\n|poke|p1|Urshifu-*, L50, M|\n|poke|p1|Iron Jugulis, L50|\n|poke|p2|Kyogre, L50|\n|poke|p2|Palkia-Origin, L50|\n|poke|p2|Farigiraf, L50, M|\n|poke|p2|Archaludon, L50, M|\n|poke|p2|Iron Jugulis, L50|\n|poke|p2|Raging Bolt, L50|\n|teampreview|4\n|inactive|Battle timer is ON: inactive players will automatically lose when time's up. (requested by blackred123)\n|\n|t:|1769876711\n|teamsize|p1|4\n|teamsize|p2|4\n|start\n|switch|p1a: \u9a6c\u5243\u5929\u7231\u661f|Kyogre, L50, shiny|100/100\n|switch|p1b: \u53eb\u6211\u4e3b\u4eba\ud83d\ude21|Urshifu-Rapid-Strike, L50, M|100/100\n|switch|p2a: Archibald|Archaludon, L50, M, shiny|100/100\n|switch|p2b: Jorris|Iron Jugulis, L50|100/100\n|-weather|RainDance|[from] ability: Drizzle|[of] p1a: \u9a6c\u5243\u5929\u7231\u661f\n|-enditem|p2b: Jorris|Booster Energy\n|-activate|p2b: Jorris|ability: Quark Drive|[fromitem]\n|-start|p2b: Jorris|quarkdrivespe\n|turn|1\n|\n|t:|1769876723\n|-terastallize|p1a: \u9a6c\u5243\u5929\u7231\u661f|Electric\n|move|p1b: \u53eb\u6211\u4e3b\u4eba\ud83d\ude21|Surging Strikes|p2b: Jorris\n|-crit|p2b: Jorris\n|-damage|p2b: Jorris|70/100\n|-crit|p2b: Jorris\n|-damage|p2b: Jorris|40/100\n|-crit|p2b: Jorris\n|-damage|p2b: Jorris|11/100\n|-hitcount|p2b: Jorris|3\n|move|p2b: Jorris|Hurricane|p1b: \u53eb\u6211\u4e3b\u4eba\ud83d\ude21\n|-supereffective|p1b: \u53eb\u6211\u4e3b\u4eba\ud83d\ude21\n|-damage|p1b: \u53eb\u6211\u4e3b\u4eba\ud83d\ude21|0 fnt\n|faint|p1b: \u53eb\u6211\u4e3b\u4eba\ud83d\ude21\n|move|p1a: \u9a6c\u5243\u5929\u7231\u661f|Water Spout|p2b: Jorris|[spread] p2a,p2b\n|-resisted|p2a: Archibald\n|-damage|p2a: Archibald|59/100\n|-damage|p2b: Jorris|0 fnt\n|-ability|p2a: Archibald|Stamina|boost\n|-boost|p2a: Archibald|def|1\n|faint|p2b: Jorris\n|-end|p2b: Jorris|Quark Drive|[silent]\n|move|p2a: Archibald|Electro Shot||[still]\n|-prepare|p2a: Archibald|Electro Shot\n|-boost|p2a: Archibald|spa|1\n|-anim|p2a: Archibald|Electro Shot|p1a: \u9a6c\u5243\u5929\u7231\u661f\n|-resisted|p1a: \u9a6c\u5243\u5929\u7231\u661f\n|-damage|p1a: \u9a6c\u5243\u5929\u7231\u661f|86/100\n|\n|-weather|RainDance|[upkeep]\n|upkeep\n|j| riyuezi\n|\n|t:|1769876745\n|switch|p1b: \u963f\u5c14\u6258\u8389\u96c5|Zacian-Crowned, L50, shiny|100/100\n|switch|p2b: Piratebeard|Kyogre, L50|100/100\n|-ability|p1b: \u963f\u5c14\u6258\u8389\u96c5|Intrepid Sword|boost\n|-boost|p1b: \u963f\u5c14\u6258\u8389\u96c5|atk|1\n|turn|2\n|\n|t:|1769876757\n|-terastallize|p2b: Piratebeard|Water\n|move|p2b: Piratebeard|Water Spout|p1b: \u963f\u5c14\u6258\u8389\u96c5|[spread] p1a,p1b\n|-damage|p1a: \u9a6c\u5243\u5929\u7231\u661f|26/100\n|-damage|p1b: \u963f\u5c14\u6258\u8389\u96c5|0 fnt\n|faint|p1b: \u963f\u5c14\u6258\u8389\u96c5\n|move|p1a: \u9a6c\u5243\u5929\u7231\u661f|Thunder|p2b: Piratebeard\n|-supereffective|p2b: Piratebeard\n|-damage|p2b: Piratebeard|7/100\n|move|p2a: Archibald|Electro Shot||[still]\n|-prepare|p2a: Archibald|Electro Shot\n|-boost|p2a: Archibald|spa|1\n|-anim|p2a: Archibald|Electro Shot|p1a: \u9a6c\u5243\u5929\u7231\u661f\n|-resisted|p1a: \u9a6c\u5243\u5929\u7231\u661f\n|-damage|p1a: \u9a6c\u5243\u5929\u7231\u661f|7/100\n|\n|-weather|RainDance|[upkeep]\n|upkeep\n|\n|t:|1769876766\n|switch|p1b: \u6211\u559c\u6b22\u4f60|Amoonguss, L50, F|100/100\n|turn|3\n|\n|t:|1769876775\n|switch|p2b: Arbie|Raging Bolt, L50|100/100\n|move|p1b: \u6211\u559c\u6b22\u4f60|Rage Powder|p1b: \u6211\u559c\u6b22\u4f60\n|-singleturn|p1b: \u6211\u559c\u6b22\u4f60|move: Rage Powder\n|move|p1a: \u9a6c\u5243\u5929\u7231\u661f|Origin Pulse|p2b: Arbie|[spread] p2a,p2b\n|-resisted|p2a: Archibald\n|-resisted|p2b: Arbie\n|-damage|p2a: Archibald|31/100\n|-damage|p2b: Arbie|71/100\n|-ability|p2a: Archibald|Stamina|boost\n|-boost|p2a: Archibald|def|1\n|move|p2a: Archibald|Draco Meteor|p1b: \u6211\u559c\u6b22\u4f60\n|-damage|p1b: \u6211\u559c\u6b22\u4f60|0 fnt\n|-unboost|p2a: Archibald|spa|2\n|faint|p1b: \u6211\u559c\u6b22\u4f60\n|\n|-weather|RainDance|[upkeep]\n|upkeep\n|turn|4\n|-message|blackred123 forfeited.\n|\n|win|infinitygroudon\n|raw|blackred123's rating: 1439 &rarr; <strong>1417</strong><br />(-22 for losing)\n|raw|infinitygroudon's rating: 1408 &rarr; <strong>1430</strong><br />(+22 for winning)\n|l|\u2606blackred123\n|player|p1|\n|l|\u2606infinitygroudon\n|player|p2|\n|l| riyuezi\n","uploadtime":1769877043,"views":14,"formatid":"gen9vgc2026regi","rating":1417,"private":0,"password":null}