{"id":"gen9vgc2026regi-2558825260","format":"[Gen 9] VGC 2026 Reg I","players":["jussdoit","jonen"],"log":"|j|\u2606jussdoit\n|j|\u2606jonen\n|t:|1773489397\n|gametype|doubles\n|player|p1|jussdoit|266|1219\n|player|p2|jonen|medium|1127\n|gen|9\n|tier|[Gen 9] VGC 2026 Reg I\n|rated|\n|rule|Species Clause: Limit one of each Pok\u00e9mon\n|rule|Item Clause: Limit 1 of each item\n|clearpoke\n|poke|p1|Groudon, L50|\n|poke|p1|Flutter Mane, L50|\n|poke|p1|Ditto, L50|\n|poke|p1|Ogerpon-Cornerstone, L50, F|\n|poke|p1|Miraidon, L50|\n|poke|p1|Urshifu-*, L50, M|\n|poke|p2|Sneasler, L50, M|\n|poke|p2|Ditto, L50|\n|poke|p2|Calyrex-Ice, L50|\n|poke|p2|Miraidon, L50|\n|poke|p2|Urshifu-*, L50, F|\n|poke|p2|Incineroar, L50, F|\n|teampreview|4\n|inactive|Battle timer is ON: inactive players will automatically lose when time's up. (requested by jussdoit)\n|inactive|jussdoit has 60 seconds left.\n|\n|t:|1773489440\n|teamsize|p1|4\n|teamsize|p2|4\n|start\n|switch|p1a: Miraidon|Miraidon, L50|100/100\n|switch|p1b: Groudon|Groudon, L50|100/100\n|switch|p2a: Sneasler|Sneasler, L50, M|100/100\n|switch|p2b: Miraidon|Miraidon, L50|100/100\n|-fieldstart|move: Electric Terrain|[from] ability: Hadron Engine|[of] p1a: Miraidon\n|-enditem|p2a: Sneasler|Electric Seed\n|-boost|p2a: Sneasler|def|1|[from] item: Electric Seed\n|-activate|p2b: Miraidon|ability: Hadron Engine\n|-weather|SunnyDay|[from] ability: Drought|[of] p1b: Groudon\n|turn|1\n|inactive|jonen has 30 seconds left.\n|\n|t:|1773489466\n|move|p1a: Miraidon|Protect|p1a: Miraidon\n|-singleturn|p1a: Miraidon|Protect\n|move|p2b: Miraidon|Protect|p2b: Miraidon\n|-singleturn|p2b: Miraidon|Protect\n|move|p2a: Sneasler|Low Kick|p1b: Groudon\n|-damage|p1b: Groudon|52/100\n|move|p1b: Groudon|Precipice Blades|p2a: Sneasler|[spread] p2a\n|-activate|p2b: Miraidon|move: Protect\n|-supereffective|p2a: Sneasler\n|-damage|p2a: Sneasler|0 fnt\n|faint|p2a: Sneasler\n|\n|-weather|SunnyDay|[upkeep]\n|upkeep\n|\n|t:|1773489478\n|switch|p2a: Ditto|Ditto, L50|100/100\n|-transform|p2a: Ditto|p1b: Groudon|[from] ability: Imposter\n|turn|2\n|\n|t:|1773489501\n|-terastallize|p1a: Miraidon|Fairy\n|-terastallize|p2b: Miraidon|Electric\n|move|p1b: Groudon|Protect|p1b: Groudon\n|-singleturn|p1b: Groudon|Protect\n|move|p1a: Miraidon|Dazzling Gleam|p2a: Ditto|[spread] p2a,p2b\n|-damage|p2a: Ditto|31/100\n|-damage|p2b: Miraidon|49/100\n|-damage|p1a: Miraidon|91/100|[from] item: Life Orb\n|move|p2b: Miraidon|Volt Switch|p1a: Miraidon\n|-damage|p1a: Miraidon|0 fnt\n|faint|p1a: Miraidon\n|-damage|p2b: Miraidon|39/100|[from] item: Life Orb\n|\n|t:|1773489513\n|switch|p2b: Calyrex|Calyrex-Ice, L50|100/100|[from] Volt Switch\n|-ability|p2b: Calyrex|As One\n|-ability|p2b: Calyrex|Unnerve\n|move|p2a: Ditto|Precipice Blades|p1b: Groudon\n|-activate|p1b: Groudon|move: Protect\n|\n|-weather|SunnyDay|[upkeep]\n|upkeep\n|\n|t:|1773489522\n|switch|p1a: Urshifu|Urshifu, L50, M|100/100\n|turn|3\n|\n|t:|1773489531\n|move|p2a: Ditto|Precipice Blades|p1b: Groudon|[spread] p1a,p1b\n|-damage|p1a: Urshifu|46/100\n|-damage|p1b: Groudon|15/100\n|move|p1a: Urshifu|Wicked Blow|p2b: Calyrex\n|-supereffective|p2b: Calyrex\n|-crit|p2b: Calyrex\n|-damage|p2b: Calyrex|0 fnt\n|faint|p2b: Calyrex\n|move|p1b: Groudon|Precipice Blades|p2a: Ditto\n|-damage|p2a: Ditto|0 fnt\n|faint|p2a: Ditto\n|\n|-weather|SunnyDay|[upkeep]\n|upkeep\n|\n|t:|1773489537\n|switch|p2b: Miraidon|Miraidon, L50, tera:Electric|39/100\n|-activate|p2b: Miraidon|ability: Hadron Engine\n|turn|4\n|c|\u2606jonen|gg\n|c|\u2606jussdoit|gg\n|\n|t:|1773489552\n|move|p2b: Miraidon|Draco Meteor|p1b: Groudon\n|-damage|p1b: Groudon|0 fnt\n|-unboost|p2b: Miraidon|spa|2\n|faint|p1b: Groudon\n|-damage|p2b: Miraidon|29/100|[from] item: Life Orb\n|move|p1a: Urshifu|Wicked Blow|p2b: Miraidon\n|-crit|p2b: Miraidon\n|-damage|p2b: Miraidon|0 fnt\n|faint|p2b: Miraidon\n|\n|win|jussdoit\n|raw|jussdoit's rating: 1219 &rarr; <strong>1238</strong><br />(+19 for winning)\n|raw|jonen's rating: 1127 &rarr; <strong>1108</strong><br />(-19 for losing)\n","uploadtime":1773489552,"views":17,"formatid":"gen9vgc2026regi","rating":1108,"private":0,"password":null}