{"id":"gen9vgc2026regi-2590154984","format":"[Gen 9] VGC 2026 Reg I","players":["Sheevpnew","zhangyunfei"],"log":"|j|\u2606Sheevpnew\n|j|\u2606zhangyunfei\n|t:|1776790397\n|gametype|doubles\n|player|p1|Sheevpnew|169|1472\n|player|p2|zhangyunfei|lady|1454\n|gen|9\n|tier|[Gen 9] VGC 2026 Reg I\n|rated|\n|rule|Species Clause: Limit one of each Pok\u00e9mon\n|rule|Item Clause: Limit 1 of each item\n|clearpoke\n|poke|p1|Calyrex-Ice, L50|\n|poke|p1|Kyogre, L50|\n|poke|p1|Smeargle, L50, M|\n|poke|p1|Roaring Moon, L50|\n|poke|p1|Landorus, L50, M|\n|poke|p1|Ogerpon-Cornerstone, L50, F|\n|poke|p2|Sableye, L50, M|\n|poke|p2|Groudon, L50|\n|poke|p2|Chandelure, L50, F|\n|poke|p2|Lunala, L50|\n|poke|p2|Flutter Mane, L50|\n|poke|p2|Zapdos, L50|\n|teampreview|4\n|inactive|Battle timer is ON: inactive players will automatically lose when time's up. (requested by zhangyunfei)\n|inactive|Sheevpnew has 60 seconds left.\n|inactive|zhangyunfei has 60 seconds left.\n|\n|t:|1776790435\n|teamsize|p1|4\n|teamsize|p2|4\n|start\n|switch|p1a: Ogerpon|Ogerpon-Cornerstone, L50, F|100/100\n|switch|p1b: Smeargle|Smeargle, L50, M|100/100\n|switch|p2a: Lunala|Lunala, L50|100/100\n|switch|p2b: Zapdos|Zapdos, L50|100/100\n|-ability|p2b: Zapdos|Pressure\n|turn|1\n|inactive|zhangyunfei has 30 seconds left.\n|inactive|zhangyunfei has 20 seconds left.\n|\n|t:|1776790471\n|move|p1a: Ogerpon|Ivy Cudgel|p2b: Zapdos|[anim] Ivy Cudgel Rock\n|-supereffective|p2b: Zapdos\n|-damage|p2b: Zapdos|0 fnt\n|faint|p2b: Zapdos\n|move|p1b: Smeargle|Spore|p2a: Lunala\n|-status|p2a: Lunala|slp|[from] move: Spore\n|cant|p2a: Lunala|slp\n|\n|upkeep\n|-message|zhangyunfei forfeited.\n|\n|win|Sheevpnew\n|raw|Sheevpnew's rating: 1472 &rarr; <strong>1491</strong><br />(+19 for winning)\n|raw|zhangyunfei's rating: 1454 &rarr; <strong>1435</strong><br />(-19 for losing)\n|l|\u2606zhangyunfei\n|player|p2|\n|l|\u2606Sheevpnew\n|player|p1|\n","uploadtime":1776790719,"views":8,"formatid":"gen9vgc2026regi","rating":1435,"private":0,"password":null}