{"id":"gen9vgc2026regi-2529470955","format":"[Gen 9] VGC 2026 Reg I","players":["blackred123","liam.2025"],"log":"|j|\u2606blackred123\n|j|\u2606liam.2025\n|t:|1769790538\n|gametype|doubles\n|player|p1|blackred123|iono-masters|1468\n|player|p2|liam.2025|policeman|1485\n|gen|9\n|tier|[Gen 9] VGC 2026 Reg I\n|rated|\n|rule|Species Clause: Limit one of each Pok\u00e9mon\n|rule|Item Clause: Limit 1 of each item\n|clearpoke\n|poke|p1|Calyrex-Shadow, L50|\n|poke|p1|Koraidon, L50|\n|poke|p1|Flutter Mane, L50|\n|poke|p1|Incineroar, L50, M|\n|poke|p1|Raging Bolt, L50|\n|poke|p1|Ursaluna, L50, M|\n|poke|p2|Murkrow, L50, F|\n|poke|p2|Weezing-Galar, L50, M|\n|poke|p2|Terapagos, L50, M|\n|poke|p2|Smeargle, L50, M|\n|poke|p2|Calyrex-Ice, L50|\n|poke|p2|Ursaluna, L50, F|\n|teampreview|4\n|inactive|Battle timer is ON: inactive players will automatically lose when time's up. (requested by blackred123)\n|\n|t:|1769790556\n|teamsize|p1|4\n|teamsize|p2|4\n|start\n|switch|p1a: \u56fa\u5927\u5305\u52d2|Koraidon, L50|100/100\n|switch|p1b: \u6536\u957f\u5934\u53d1\uff5e|Flutter Mane, L50|100/100\n|switch|p2a: Murkrow|Murkrow, L50, F|100/100\n|switch|p2b: Weezing|Weezing-Galar, L50, M|100/100\n|-ability|p2b: Weezing|Neutralizing Gas\n|-block|p2a: Murkrow|item: Ability Shield\n|turn|1\n|j| QAQeee\u603b\u5bfc\u6f14\n|\n|t:|1769790572\n|-terastallize|p1a: \u56fa\u5927\u5305\u52d2|Fire\n|move|p2a: Murkrow|Tailwind|p2a: Murkrow\n|-sidestart|p2: liam.2025|move: Tailwind\n|move|p2b: Weezing|Misty Explosion|p1a: \u56fa\u5927\u5305\u52d2|[spread] p2a,p1a,p1b\n|-supereffective|p2a: Murkrow\n|-resisted|p1a: \u56fa\u5927\u5305\u52d2\n|-damage|p2a: Murkrow|0 fnt\n|-damage|p1a: \u56fa\u5927\u5305\u52d2|80/100\n|-damage|p1b: \u6536\u957f\u5934\u53d1\uff5e|57/100\n|faint|p2b: Weezing\n|-end|p2b: Weezing|ability: Neutralizing Gas\n|-weather|SunnyDay|[from] ability: Orichalcum Pulse|[of] p1a: \u56fa\u5927\u5305\u52d2\n|-activate|p1b: \u6536\u957f\u5934\u53d1\uff5e|ability: Protosynthesis\n|-start|p1b: \u6536\u957f\u5934\u53d1\uff5e|protosynthesisspe\n|-activate|p1a: \u56fa\u5927\u5305\u52d2|Orichalcum Pulse|[source]\n|faint|p2a: Murkrow\n|move|p1b: \u6536\u957f\u5934\u53d1\uff5e|Moonblast|p2: Murkrow|[notarget]\n|-fail|p1b: \u6536\u957f\u5934\u53d1\uff5e\n|move|p1a: \u56fa\u5927\u5305\u52d2|Flame Charge|p2: Murkrow|[notarget]\n|-fail|p1a: \u56fa\u5927\u5305\u52d2\n|\n|-weather|SunnyDay|[upkeep]\n|upkeep\n|\n|t:|1769790588\n|switch|p2b: Smeargle|Smeargle, L50, M|100/100\n|switch|p2a: Terapagos|Terapagos, L50, M|100/100\n|-activate|p2a: Terapagos|ability: Tera Shift\n|detailschange|p2a: Terapagos|Terapagos-Terastal, L50, M\n|-heal|p2a: Terapagos|100/100|[silent]\n|turn|2\n|\n|t:|1769790604\n|-terastallize|p2a: Terapagos|Stellar\n|detailschange|p2a: Terapagos|Terapagos-Stellar, L50, M, tera:Stellar\n|-heal|p2a: Terapagos|100/100|[silent]\n|-ability|p2a: Terapagos|Teraform Zero\n|-weather|none\n|-end|p1b: \u6536\u957f\u5934\u53d1\uff5e|Protosynthesis\n|move|p1a: \u56fa\u5927\u5305\u52d2|Protect|p1a: \u56fa\u5927\u5305\u52d2\n|-singleturn|p1a: \u56fa\u5927\u5305\u52d2|Protect\n|move|p2b: Smeargle|Decorate|p2a: Terapagos\n|-boost|p2a: Terapagos|atk|2\n|-boost|p2a: Terapagos|spa|2\n|move|p2a: Terapagos|Tera Starstorm|p1b: \u6536\u957f\u5934\u53d1\uff5e|[spread] p1b\n|-activate|p1a: \u56fa\u5927\u5305\u52d2|move: Protect\n|-damage|p1b: \u6536\u957f\u5934\u53d1\uff5e|0 fnt\n|faint|p1b: \u6536\u957f\u5934\u53d1\uff5e\n|-end|p1b: \u6536\u957f\u5934\u53d1\uff5e|Protosynthesis|[silent]\n|\n|upkeep\n|\n|t:|1769790613\n|switch|p1b: Raging Bolt|Raging Bolt, L50|100/100\n|turn|3\n|inactive|blackred123 has 30 seconds left.\n|\n|t:|1769790647\n|switch|p1a: \u6211\u8fd1\u89c6|Calyrex-Shadow, L50|100/100\n|-ability|p1a: \u6211\u8fd1\u89c6|As One\n|-ability|p1a: \u6211\u8fd1\u89c6|Unnerve\n|move|p1b: Raging Bolt|Thunderclap|p2a: Terapagos\n|-damage|p2a: Terapagos|73/100\n|move|p2b: Smeargle|Decorate|p2a: Terapagos\n|-boost|p2a: Terapagos|atk|2\n|-boost|p2a: Terapagos|spa|2\n|move|p2a: Terapagos|Tera Starstorm|p1a: \u6211\u8fd1\u89c6|[spread] p1a,p1b\n|-damage|p1a: \u6211\u8fd1\u89c6|0 fnt\n|-damage|p1b: Raging Bolt|0 fnt\n|faint|p1a: \u6211\u8fd1\u89c6\n|faint|p1b: Raging Bolt\n|-end|p1b: Raging Bolt|Protosynthesis|[silent]\n|\n|upkeep\n|\n|t:|1769790655\n|switch|p1b: \u56fa\u5927\u5305\u52d2|Koraidon, L50, tera:Fire|80/100\n|-weather|SunnyDay|[from] ability: Orichalcum Pulse|[of] p1b: \u56fa\u5927\u5305\u52d2\n|-activate|p1b: \u56fa\u5927\u5305\u52d2|Orichalcum Pulse|[source]\n|turn|4\n|\n|t:|1769790667\n|move|p1b: \u56fa\u5927\u5305\u52d2|Protect|p1b: \u56fa\u5927\u5305\u52d2\n|-singleturn|p1b: \u56fa\u5927\u5305\u52d2|Protect\n|move|p2b: Smeargle|Feint|p1b: \u56fa\u5927\u5305\u52d2\n|-activate|p1b: \u56fa\u5927\u5305\u52d2|move: Feint\n|-damage|p1b: \u56fa\u5927\u5305\u52d2|74/100\n|move|p2a: Terapagos|Tera Starstorm|p1b: \u56fa\u5927\u5305\u52d2\n|-supereffective|p1b: \u56fa\u5927\u5305\u52d2\n|-damage|p1b: \u56fa\u5927\u5305\u52d2|0 fnt\n|faint|p1b: \u56fa\u5927\u5305\u52d2\n|\n|win|liam.2025\n|raw|blackred123's rating: 1468 &rarr; <strong>1449</strong><br />(-19 for losing)\n|raw|liam.2025's rating: 1485 &rarr; <strong>1504</strong><br />(+19 for winning)\n|l| QAQeee\u603b\u5bfc\u6f14\n|l|\u2606blackred123\n|player|p1|\n","uploadtime":1769790931,"views":33,"formatid":"gen9vgc2026regi","rating":1449,"private":0,"password":null}