{"id":"gen9vgc2026regi-2519846508","format":"[Gen 9] VGC 2026 Reg I","players":["kojimuranishi","VJ2511"],"log":"|j|\u2606kojimuranishi\n|j|\u2606VJ2511\n|t:|1768560072\n|gametype|doubles\n|player|p1|kojimuranishi|102|1547\n|player|p2|VJ2511|red-masters3|1523\n|gen|9\n|tier|[Gen 9] VGC 2026 Reg I\n|rated|\n|rule|Species Clause: Limit one of each Pok\u00e9mon\n|rule|Item Clause: Limit 1 of each item\n|clearpoke\n|poke|p1|Whimsicott, L50, F|\n|poke|p1|Calyrex-Ice, L50|\n|poke|p1|Miraidon, L50|\n|poke|p1|Chi-Yu, L50|\n|poke|p1|Landorus, L50, M|\n|poke|p1|Ogerpon-Cornerstone, L50, F|\n|poke|p2|Calyrex-Shadow, L50|\n|poke|p2|Zamazenta-*, L50|\n|poke|p2|Smeargle, L50, M|\n|poke|p2|Incineroar, L50, M|\n|poke|p2|Rillaboom, L50, F|\n|poke|p2|Raging Bolt, L50|\n|teampreview|4\n|inactive|Battle timer is ON: inactive players will automatically lose when time's up. (requested by VJ2511)\n|\n|t:|1768560105\n|teamsize|p1|4\n|teamsize|p2|4\n|start\n|switch|p1a: Whimsicott|Whimsicott, L50, F|100/100\n|switch|p1b: Chi-Yu|Chi-Yu, L50|100/100\n|switch|p2a: Calyrex|Calyrex-Shadow, L50|100/100\n|switch|p2b: Raging Bolt|Raging Bolt, L50|100/100\n|-ability|p2a: Calyrex|As One\n|-ability|p2a: Calyrex|Unnerve\n|-ability|p1b: Chi-Yu|Beads of Ruin\n|-enditem|p2b: Raging Bolt|Booster Energy\n|-activate|p2b: Raging Bolt|ability: Protosynthesis|[fromitem]\n|-start|p2b: Raging Bolt|protosynthesisspa\n|turn|1\n|\n|t:|1768560122\n|move|p2a: Calyrex|Protect|p2a: Calyrex\n|-singleturn|p2a: Calyrex|Protect\n|move|p1a: Whimsicott|Tailwind|p1a: Whimsicott\n|-sidestart|p1: kojimuranishi|move: Tailwind\n|move|p1b: Chi-Yu|Overheat|p2a: Calyrex\n|-activate|p2a: Calyrex|move: Protect\n|move|p2b: Raging Bolt|Thunderbolt|p1b: Chi-Yu\n|-damage|p1b: Chi-Yu|20/100\n|\n|upkeep\n|turn|2\n|\n|t:|1768560135\n|-terastallize|p1b: Chi-Yu|Ground\n|-terastallize|p2a: Calyrex|Dark\n|move|p2b: Raging Bolt|Thunderclap|p1b: Chi-Yu\n|-immune|p1b: Chi-Yu\n|move|p1a: Whimsicott|Moonblast|p2b: Raging Bolt\n|-supereffective|p2b: Raging Bolt\n|-damage|p2b: Raging Bolt|6/100\n|move|p1b: Chi-Yu|Overheat|p2a: Calyrex\n|-damage|p2a: Calyrex|0 fnt\n|-unboost|p1b: Chi-Yu|spa|2\n|faint|p2a: Calyrex\n|\n|upkeep\n|\n|t:|1768560143\n|switch|p2a: Rillaboom|Rillaboom, L50, F|100/100\n|-fieldstart|move: Grassy Terrain|[from] ability: Grassy Surge|[of] p2a: Rillaboom\n|turn|3\n|-message|VJ2511 forfeited.\n|\n|win|kojimuranishi\n|raw|kojimuranishi's rating: 1547 &rarr; <strong>1566</strong><br />(+19 for winning)\n|raw|VJ2511's rating: 1523 &rarr; <strong>1504</strong><br />(-19 for losing)\n|l|\u2606VJ2511\n|player|p2|\n|l|\u2606kojimuranishi\n|player|p1|\n","uploadtime":1768560374,"views":29,"formatid":"gen9vgc2026regi","rating":1504,"private":0,"password":null}