{"id":"gen9vgc2026regi-2561521855","format":"[Gen 9] VGC 2026 Reg I","players":["Unskilled99","realcomrade379"],"log":"|j|\u2606Unskilled99\n|j|\u2606realcomrade379\n|t:|1773806382\n|gametype|doubles\n|player|p1|Unskilled99|unknown|\n|player|p2|realcomrade379|shadowtriad|\n|gen|9\n|tier|[Gen 9] VGC 2026 Reg I\n|rated|Tournament battle\n|rule|Species Clause: Limit one of each Pok\u00e9mon\n|rule|Item Clause: Limit 1 of each item\n|raw|<div class=\"infobox\"><details class=\"readmore\" open><summary><strong>3 custom rules:</strong></summary> Open Team Sheets, Force Open Team Sheets, !Open Team Sheets</details></div>\n|clearpoke\n|poke|p1|Koraidon, L50|\n|poke|p1|Lunala, L50|\n|poke|p1|Flutter Mane, L50|\n|poke|p1|Chi-Yu, L50|\n|poke|p1|Brute Bonnet, L50|\n|poke|p1|Ursaluna, L50, F|\n|poke|p2|Miraidon, L50|\n|poke|p2|Calyrex-Ice, L50|\n|poke|p2|Landorus, L50, M|\n|poke|p2|Ogerpon-Wellspring, L50, F|\n|poke|p2|Grimmsnarl, L50, M|\n|poke|p2|Incineroar, L50, F|\n|teampreview|4\n|showteam|p1|Koraidon||LifeOrb|OrichalcumPulse|CloseCombat,FlareBlitz,FlameCharge,Protect||||||50|,,,,,Fire]Lunala||PowerHerb|ShadowShield|MeteorBeam,MoongeistBeam,WideGuard,TrickRoom||||||50|,,,,,Water]Flutter Mane||FocusSash|Protosynthesis|Moonblast,ShadowBall,IcyWind,Protect||||||50|,,,,,Stellar]Chi-Yu||ChoiceScarf|BeadsofRuin|HeatWave,Overheat,DarkPulse,Snarl||||||50|,,,,,Ghost]Brute Bonnet||SitrusBerry|Protosynthesis|Spore,SuckerPunch,SeedBomb,RagePowder||||||50|,,,,,Water]Ursaluna||FlameOrb|Guts|Facade,HeadlongRush,Earthquake,Protect|||F|||50|,,,,,Ghost\n|showteam|p2|Miraidon||AssaultVest|HadronEngine|ElectroDrift,DracoMeteor,VoltSwitch,Snarl||||||50|,,,,,Electric]Calyrex-Ice||Leftovers|AsOneGlastrier|Protect,TrickRoom,LeechSeed,GlacialLance||||||50|,,,,,Water]Landorus||LifeOrb|SheerForce|Protect,Taunt,SludgeBomb,EarthPower|||M|||50|,,,,,Water]Ogerpon-Wellspring||WellspringMask|WaterAbsorb|SpikyShield,FollowMe,HornLeech,IvyCudgel|||F|||50|,,,,,Water]Grimmsnarl||LightClay|Prankster|SpiritBreak,Reflect,LightScreen,ThunderWave|||M|||50|,,,,,Ghost]Incineroar||RockyHelmet|Intimidate|KnockOff,FlareBlitz,PartingShot,FakeOut|||F|||50|,,,,,Bug\n|inactive|Battle timer is ON: inactive players will automatically lose when time's up. (requested by realcomrade379)\n|inactive|Unskilled99 has 60 seconds left.\n|\n|t:|1773806426\n|teamsize|p1|4\n|teamsize|p2|4\n|start\n|switch|p1a: Flutter Mane|Flutter Mane, L50|100/100\n|switch|p1b: Koraidon|Koraidon, L50|100/100\n|switch|p2a: Ogerpon|Ogerpon-Wellspring, L50, F|100/100\n|switch|p2b: Calyrex|Calyrex-Ice, L50|100/100\n|-ability|p2b: Calyrex|As One\n|-ability|p2b: Calyrex|Unnerve\n|-weather|SunnyDay|[from] ability: Orichalcum Pulse|[of] p1b: Koraidon\n|-activate|p1a: Flutter Mane|ability: Protosynthesis\n|-start|p1a: Flutter Mane|protosynthesisspe\n|-activate|p1b: Koraidon|Orichalcum Pulse|[source]\n|turn|1\n|\n|t:|1773806446\n|-end|p1a: Flutter Mane|Protosynthesis|[silent]\n|switch|p1a: Brute Bonnet|Brute Bonnet, L50|100/100\n|-activate|p1a: Brute Bonnet|ability: Protosynthesis\n|-start|p1a: Brute Bonnet|protosynthesisdef\n|move|p2a: Ogerpon|Follow Me|p2a: Ogerpon\n|-singleturn|p2a: Ogerpon|move: Follow Me\n|move|p1b: Koraidon|Close Combat|p2a: Ogerpon\n|-damage|p2a: Ogerpon|0 fnt\n|-unboost|p1b: Koraidon|def|1\n|-unboost|p1b: Koraidon|spd|1\n|faint|p2a: Ogerpon\n|-damage|p1b: Koraidon|91/100|[from] item: Life Orb\n|move|p2b: Calyrex|Glacial Lance|p1a: Brute Bonnet|[spread] p1a,p1b\n|-supereffective|p1a: Brute Bonnet\n|-supereffective|p1b: Koraidon\n|-damage|p1a: Brute Bonnet|50/100\n|-damage|p1b: Koraidon|0 fnt\n|faint|p1b: Koraidon\n|-ability|p2b: Calyrex|Chilling Neigh|boost\n|-boost|p2b: Calyrex|atk|1\n|\n|-weather|SunnyDay|[upkeep]\n|upkeep\n|j| Matrod\n|\n|t:|1773806462\n|switch|p1b: Lunala|Lunala, L50|100/100\n|switch|p2a: Miraidon|Miraidon, L50|100/100\n|-fieldstart|move: Electric Terrain|[from] ability: Hadron Engine|[of] p2a: Miraidon\n|turn|2\n|inactive|Unskilled99 has 30 seconds left.\n|\n|t:|1773806489\n|-terastallize|p2b: Calyrex|Water\n|move|p1b: Lunala|Wide Guard|p1b: Lunala\n|-singleturn|p1b: Lunala|Wide Guard\n|move|p2a: Miraidon|Snarl|p1b: Lunala|[spread] \n|-activate|p1a: Brute Bonnet|move: Wide Guard\n|-activate|p1b: Lunala|move: Wide Guard\n|move|p1a: Brute Bonnet|Seed Bomb|p2b: Calyrex\n|-supereffective|p2b: Calyrex\n|-damage|p2b: Calyrex|59/100\n|move|p2b: Calyrex|Leech Seed|p1b: Lunala\n|-start|p1b: Lunala|move: Leech Seed\n|\n|-weather|SunnyDay|[upkeep]\n|-heal|p2b: Calyrex|65/100|[from] item: Leftovers\n|-damage|p1b: Lunala|88/100|[from] Leech Seed|[of] p2b: Calyrex\n|-heal|p2b: Calyrex|79/100|[silent]\n|upkeep\n|turn|3\n|inactive|Unskilled99 has 30 seconds left.\n|inactive|Unskilled99 has 20 seconds left.\n|inactive|Unskilled99 has 15 seconds left.\n|\n|t:|1773806533\n|move|p1a: Brute Bonnet|Sucker Punch|p2a: Miraidon\n|-damage|p2a: Miraidon|73/100\n|move|p2a: Miraidon|Volt Switch|p1b: Lunala\n|-damage|p1b: Lunala|42/100\n|\n|t:|1773806538\n|switch|p2a: Incineroar|Incineroar, L50, F|100/100|[from] Volt Switch\n|-ability|p2a: Incineroar|Intimidate|boost\n|-unboost|p1a: Brute Bonnet|atk|1\n|-unboost|p1b: Lunala|atk|1\n|move|p1b: Lunala|Meteor Beam||[still]\n|-prepare|p1b: Lunala|Meteor Beam\n|-boost|p1b: Lunala|spa|1\n|-enditem|p1b: Lunala|Power Herb\n|-anim|p1b: Lunala|Meteor Beam|p2a: Incineroar\n|-supereffective|p2a: Incineroar\n|-damage|p2a: Incineroar|0 fnt\n|faint|p2a: Incineroar\n|move|p2b: Calyrex|Glacial Lance|p1a: Brute Bonnet|[spread] p1a,p1b\n|-supereffective|p1a: Brute Bonnet\n|-damage|p1a: Brute Bonnet|0 fnt\n|-damage|p1b: Lunala|0 fnt\n|faint|p1a: Brute Bonnet\n|-end|p1a: Brute Bonnet|Protosynthesis|[silent]\n|faint|p1b: Lunala\n|-ability|p2b: Calyrex|Chilling Neigh|boost\n|-boost|p2b: Calyrex|atk|2\n|\n|-weather|SunnyDay|[upkeep]\n|-heal|p2b: Calyrex|84/100|[from] item: Leftovers\n|upkeep\n|c|\u2606Unskilled99|i misplay\n|l| Matrod\n|c|\u2606Unskilled99|i thought u will go trick room\n|inactive|Unskilled99 has 30 seconds left.\n|inactive|Unskilled99 has 20 seconds left.\n|c|\u2606Unskilled99|at the start\n|inactive|Unskilled99 has 15 seconds left.\n|inactive|Unskilled99 has 10 seconds left.\n|c|\u2606Unskilled99|wp\n|inactive|Unskilled99 has 5 seconds left.\n|c|\u2606realcomrade379|ggs\n|-message|Unskilled99 forfeited.\n|\n|win|realcomrade379\n|n|\u2606Unskilled99|unskilled99\n|n|\u2606realcomrade379|realcomrade379\n|l|\u2606Unskilled99\n|player|p1|\n","uploadtime":1773806594,"views":9,"formatid":"gen9vgc2026regi","rating":null,"private":0,"password":null}