{"id":"gen9vgc2026regi-2541851124","format":"[Gen 9] VGC 2026 Reg I","players":["sabiantun","kojimuranishi"],"log":"|j|\u2606sabiantun\n|j|\u2606kojimuranishi\n|t:|1771376660\n|gametype|doubles\n|player|p1|sabiantun|2|1232\n|player|p2|kojimuranishi|265|1453\n|gen|9\n|tier|[Gen 9] VGC 2026 Reg I\n|rated|\n|rule|Species Clause: Limit one of each Pok\u00e9mon\n|rule|Item Clause: Limit 1 of each item\n|clearpoke\n|poke|p1|Mudsdale, L50, F|\n|poke|p1|Cresselia, L50, F|\n|poke|p1|Rillaboom, L50, F|\n|poke|p1|Scizor, L50, F|\n|poke|p1|Kyogre, L50|\n|poke|p1|Urshifu-*, L50, M|\n|poke|p2|Calyrex-Ice, L50|\n|poke|p2|Indeedee-F, L50, F|\n|poke|p2|Kyogre, L50|\n|poke|p2|Pincurchin, L50, M|\n|poke|p2|Iron Jugulis, L50|\n|poke|p2|Urshifu-*, L50, F|\n|teampreview|4\n|inactive|Battle timer is ON: inactive players will automatically lose when time's up. (requested by kojimuranishi)\n|\n|t:|1771376687\n|teamsize|p1|4\n|teamsize|p2|4\n|start\n|switch|p1a: Urshifu|Urshifu, L50, M|100/100\n|switch|p1b: Scizor|Scizor, L50, F|100/100\n|switch|p2a: Iron Jugulis|Iron Jugulis, L50|100/100\n|switch|p2b: Kyogre|Kyogre, L50|100/100\n|-weather|RainDance|[from] ability: Drizzle|[of] p2b: Kyogre\n|-enditem|p2a: Iron Jugulis|Booster Energy\n|-activate|p2a: Iron Jugulis|ability: Quark Drive|[fromitem]\n|-start|p2a: Iron Jugulis|quarkdrivespe\n|turn|1\n|inactive|sabiantun has 30 seconds left.\n|\n|t:|1771376718\n|switch|p1a: Kyogre|Kyogre, L50|100/100\n|move|p2a: Iron Jugulis|Hurricane|p1a: Kyogre\n|-damage|p1a: Kyogre|72/100\n|move|p2b: Kyogre|Origin Pulse|p1b: Scizor|[spread] p1a,p1b\n|-resisted|p1a: Kyogre\n|-damage|p1a: Kyogre|41/100\n|-damage|p1b: Scizor|0 fnt\n|faint|p1b: Scizor\n|\n|-weather|RainDance|[upkeep]\n|upkeep\n|\n|t:|1771376729\n|switch|p1b: Rillaboom|Rillaboom, L50, F|100/100\n|turn|2\n|\n|t:|1771376740\n|move|p1b: Rillaboom|Fake Out|p2b: Kyogre\n|-damage|p2b: Kyogre|85/100\n|move|p2a: Iron Jugulis|Hurricane|p1b: Rillaboom\n|-supereffective|p1b: Rillaboom\n|-damage|p1b: Rillaboom|0 fnt\n|faint|p1b: Rillaboom\n|cant|p2b: Kyogre|flinch\n|move|p1a: Kyogre|Thunder|p2b: Kyogre\n|-supereffective|p2b: Kyogre\n|-damage|p2b: Kyogre|22/100\n|\n|-weather|RainDance|[upkeep]\n|upkeep\n|\n|t:|1771376751\n|switch|p1b: Urshifu|Urshifu, L50, M|100/100\n|turn|3\n|\n|t:|1771376764\n|move|p1b: Urshifu|Sucker Punch|p2b: Kyogre\n|-damage|p2b: Kyogre|0 fnt\n|faint|p2b: Kyogre\n|move|p2a: Iron Jugulis|Snarl|p1a: Kyogre|[spread] p1a,p1b\n|-resisted|p1b: Urshifu\n|-damage|p1a: Kyogre|29/100\n|-damage|p1b: Urshifu|95/100\n|-unboost|p1a: Kyogre|spa|1\n|-unboost|p1b: Urshifu|spa|1\n|move|p1a: Kyogre|Ice Beam|p2a: Iron Jugulis\n|-supereffective|p2a: Iron Jugulis\n|-damage|p2a: Iron Jugulis|56/100\n|\n|-weather|RainDance|[upkeep]\n|upkeep\n|\n|t:|1771376778\n|switch|p2b: Calyrex|Calyrex-Ice, L50|100/100\n|-ability|p2b: Calyrex|As One\n|-ability|p2b: Calyrex|Unnerve\n|turn|4\n|\n|t:|1771376790\n|-terastallize|p2b: Calyrex|Grass\n|move|p2a: Iron Jugulis|Hurricane|p1b: Urshifu\n|-supereffective|p1b: Urshifu\n|-damage|p1b: Urshifu|0 fnt\n|faint|p1b: Urshifu\n|move|p1a: Kyogre|Ice Beam|p2a: Iron Jugulis\n|-supereffective|p2a: Iron Jugulis\n|-damage|p2a: Iron Jugulis|6/100\n|move|p2b: Calyrex|Glacial Lance|p1a: Kyogre\n|-resisted|p1a: Kyogre\n|-damage|p1a: Kyogre|0 fnt\n|faint|p1a: Kyogre\n|\n|win|kojimuranishi\n|raw|sabiantun's rating: 1232 &rarr; <strong>1221</strong><br />(-11 for losing)\n|raw|kojimuranishi's rating: 1453 &rarr; <strong>1462</strong><br />(+9 for winning)\n|l|\u2606kojimuranishi\n|player|p2|\n|l|\u2606sabiantun\n|player|p1|\n","uploadtime":1771376964,"views":19,"formatid":"gen9vgc2026regi","rating":1221,"private":0,"password":null}