{"id":"gen9vgc2026regi-2528533290","format":"[Gen 9] VGC 2026 Reg I","players":["seedroll","i\u2764\u5a1c\u7984forever"],"log":"|j|\u2606seedroll\n|j|\u2606i\u2764\u5a1c\u7984forever\n|t:|1769672100\n|gametype|doubles\n|player|p1|seedroll|dawn-gen4pt|1340\n|player|p2|i\u2764\u5a1c\u7984forever|youngcouple-gen4dp|1487\n|gen|9\n|tier|[Gen 9] VGC 2026 Reg I\n|rated|\n|rule|Species Clause: Limit one of each Pok\u00e9mon\n|rule|Item Clause: Limit 1 of each item\n|clearpoke\n|poke|p1|Weezing-Galar, L50, M|\n|poke|p1|Koraidon, L50|\n|poke|p1|Calyrex-Shadow, L50|\n|poke|p1|Chi-Yu, L50|\n|poke|p1|Brute Bonnet, L50|\n|poke|p1|Flutter Mane, L50|\n|poke|p2|Groudon, L50|\n|poke|p2|Kyurem-White, L50|\n|poke|p2|Heatran, L50, M|\n|poke|p2|Whimsicott, L50, F|\n|poke|p2|Roaring Moon, L50|\n|poke|p2|Ditto, L50|\n|teampreview|4\n|inactive|Battle timer is ON: inactive players will automatically lose when time's up. (requested by seedroll)\n|inactive|seedroll has 60 seconds left.\n|inactive|i\u2764\u5a1c\u7984forever has 60 seconds left.\n|j| riyuezi\n|\n|t:|1769672141\n|teamsize|p1|4\n|teamsize|p2|4\n|start\n|switch|p1a: Koraidon|Koraidon, L50|100/100\n|switch|p1b: Weezing|Weezing-Galar, L50, M|100/100\n|switch|p2a: Whimsicott|Whimsicott, L50, F|100/100\n|switch|p2b: Kyurem|Kyurem-White, L50|100/100\n|-ability|p1b: Weezing|Neutralizing Gas\n|-block|p1a: Koraidon|item: Ability Shield\n|-weather|SunnyDay|[from] ability: Orichalcum Pulse|[of] p1a: Koraidon\n|-activate|p1a: Koraidon|Orichalcum Pulse|[source]\n|turn|1\n|\n|t:|1769672156\n|-terastallize|p1a: Koraidon|Fire\n|move|p1a: Koraidon|Flame Charge|p2a: Whimsicott\n|-supereffective|p2a: Whimsicott\n|-enditem|p2a: Whimsicott|Focus Sash\n|-damage|p2a: Whimsicott|1/100\n|-boost|p1a: Koraidon|spe|1\n|move|p2a: Whimsicott|Endeavor|p1b: Weezing\n|-damage|p1b: Weezing|1/100\n|move|p2b: Kyurem|Earth Power|p1b: Weezing\n|-supereffective|p1b: Weezing\n|-damage|p1b: Weezing|0 fnt\n|faint|p1b: Weezing\n|-end|p1b: Weezing|ability: Neutralizing Gas\n|-ability|p2b: Kyurem|Turboblaze\n|\n|-weather|SunnyDay|[upkeep]\n|upkeep\n|\n|t:|1769672172\n|switch|p1b: Calyrex|Calyrex-Shadow, L50|100/100\n|-ability|p1b: Calyrex|As One\n|-ability|p1b: Calyrex|Unnerve\n|turn|2\n|\n|t:|1769672180\n|move|p2a: Whimsicott|Tailwind|p2a: Whimsicott\n|-sidestart|p2: i\u2764\u5a1c\u7984forever|move: Tailwind\n|move|p1a: Koraidon|Flame Charge|p2b: Kyurem\n|-damage|p2b: Kyurem|46/100\n|-boost|p1a: Koraidon|spe|1\n|move|p2b: Kyurem|Blizzard|p1a: Koraidon|[spread] p1a\n|-miss|p2b: Kyurem|p1b: Calyrex\n|-enditem|p2b: Kyurem|Blunder Policy\n|-boost|p2b: Kyurem|spe|2\n|-resisted|p1a: Koraidon\n|-damage|p1a: Koraidon|74/100\n|move|p1b: Calyrex|Astral Barrage|p2b: Kyurem|[spread] p2a,p2b\n|-damage|p2a: Whimsicott|0 fnt\n|-damage|p2b: Kyurem|0 fnt\n|faint|p2a: Whimsicott\n|faint|p2b: Kyurem\n|-ability|p1b: Calyrex|Grim Neigh|boost\n|-boost|p1b: Calyrex|spa|2\n|-damage|p1b: Calyrex|91/100|[from] item: Life Orb\n|\n|-weather|SunnyDay|[upkeep]\n|upkeep\n|\n|t:|1769672202\n|switch|p2a: Ditto|Ditto, L50|100/100\n|switch|p2b: Groudon|Groudon, L50|100/100\n|-transform|p2a: Ditto|p1b: Calyrex|[from] ability: Imposter\n|-ability|p2a: Ditto|As One\n|-ability|p2a: Ditto|Unnerve\n|turn|3\n|inactive|seedroll has 30 seconds left.\n|l| riyuezi\n|inactive|seedroll has 20 seconds left.\n|inactive|seedroll has 15 seconds left.\n|inactive|seedroll has 10 seconds left.\n|\n|t:|1769672250\n|move|p1b: Calyrex|Protect|p1b: Calyrex\n|-singleturn|p1b: Calyrex|Protect\n|move|p2a: Ditto|Astral Barrage|p1a: Koraidon|[spread] p1a\n|-activate|p1b: Calyrex|move: Protect\n|-damage|p1a: Koraidon|0 fnt\n|faint|p1a: Koraidon\n|-ability|p2a: Ditto|Grim Neigh|boost\n|-boost|p2a: Ditto|spa|1\n|move|p2b: Groudon|Precipice Blades|p1b: Calyrex\n|-activate|p1b: Calyrex|move: Protect\n|\n|-weather|SunnyDay|[upkeep]\n|upkeep\n|\n|t:|1769672260\n|switch|p1a: Brute Bonnet|Brute Bonnet, L50|100/100\n|-activate|p1a: Brute Bonnet|ability: Protosynthesis\n|-start|p1a: Brute Bonnet|protosynthesisatk\n|turn|4\n|\n|t:|1769672272\n|-terastallize|p2a: Ditto|Dark\n|move|p1b: Calyrex|Protect||[still]\n|-fail|p1b: Calyrex\n|move|p1a: Brute Bonnet|Sucker Punch|p2a: Ditto\n|-resisted|p2a: Ditto\n|-damage|p2a: Ditto|73/100\n|move|p2a: Ditto|Astral Barrage|p1b: Calyrex|[spread] p1a,p1b\n|-resisted|p1a: Brute Bonnet\n|-crit|p1a: Brute Bonnet\n|-supereffective|p1b: Calyrex\n|-damage|p1a: Brute Bonnet|17/100\n|-damage|p1b: Calyrex|0 fnt\n|faint|p1b: Calyrex\n|-ability|p2a: Ditto|Grim Neigh|boost\n|-boost|p2a: Ditto|spa|1\n|move|p2b: Groudon|Precipice Blades|p1a: Brute Bonnet\n|-resisted|p1a: Brute Bonnet\n|-damage|p1a: Brute Bonnet|0 fnt\n|faint|p1a: Brute Bonnet\n|-end|p1a: Brute Bonnet|Protosynthesis|[silent]\n|\n|win|i\u2764\u5a1c\u7984forever\n|raw|seedroll's rating: 1340 &rarr; <strong>1328</strong><br />(-12 for losing)\n|raw|i\u2764\u5a1c\u7984forever's rating: 1487 &rarr; <strong>1499</strong><br />(+12 for winning)\n|l|\u2606seedroll\n|player|p1|\n|l|\u2606i\u2764\u5a1c\u7984forever\n|player|p2|\n","uploadtime":1769672423,"views":18,"formatid":"gen9vgc2026regi","rating":1328,"private":0,"password":null}