{"id":"gen9vgc2026regi-2547766395","format":"[Gen 9] VGC 2026 Reg I","players":["DudeGaming 25","drive stone"],"log":"|j|\u2606DudeGaming 25\n|j|\u2606drive stone\n|t:|1772129973\n|gametype|doubles\n|player|p1|DudeGaming 25|hugh|1264\n|player|p2|drive stone|cilan|1226\n|gen|9\n|tier|[Gen 9] VGC 2026 Reg I\n|rated|\n|rule|Species Clause: Limit one of each Pok\u00e9mon\n|rule|Item Clause: Limit 1 of each item\n|clearpoke\n|poke|p1|Lunala, L50|\n|poke|p1|Calyrex-Ice, L50|\n|poke|p1|Raging Bolt, L50|\n|poke|p1|Ursaluna-Bloodmoon, L50, M|\n|poke|p1|Grimmsnarl, L50, M|\n|poke|p1|Indeedee-F, L50, F|\n|poke|p2|Calyrex-Ice, L50|\n|poke|p2|Ho-Oh, L50|\n|poke|p2|Overqwil, L50, F|\n|poke|p2|Rillaboom, L50, M|\n|poke|p2|Ting-Lu, L50|\n|poke|p2|Ogerpon-Wellspring, L50, F|\n|teampreview|4\n|inactive|Battle timer is ON: inactive players will automatically lose when time's up. (requested by DudeGaming 25)\n|inactive|drive stone has 60 seconds left.\n|\n|t:|1772130049\n|teamsize|p1|4\n|teamsize|p2|4\n|start\n|switch|p1a: Calyrex|Calyrex-Ice, L50|100/100\n|switch|p1b: Indeedee|Indeedee-F, L50, F|100/100\n|switch|p2a: Calyrex|Calyrex-Ice, L50|100/100\n|switch|p2b: Overqwil|Overqwil, L50, F|100/100\n|-ability|p2a: Calyrex|As One\n|-ability|p2a: Calyrex|Unnerve\n|-ability|p1a: Calyrex|As One\n|-ability|p1a: Calyrex|Unnerve\n|-ability|p2b: Overqwil|Intimidate|boost\n|-fail|p1a: Calyrex|unboost|[from] item: Clear Amulet|[of] p1a: Calyrex\n|-unboost|p1b: Indeedee|atk|1\n|-fieldstart|move: Psychic Terrain|[from] ability: Psychic Surge|[of] p1b: Indeedee\n|turn|1\n|inactive|DudeGaming 25 has 30 seconds left.\n|\n|t:|1772130078\n|move|p1a: Calyrex|Protect|p1a: Calyrex\n|-singleturn|p1a: Calyrex|Protect\n|move|p2b: Overqwil|Toxic Spikes|p1a: Calyrex\n|-sidestart|p1: DudeGaming 25|move: Toxic Spikes\n|move|p2a: Calyrex|Leech Seed|p1a: Calyrex\n|-activate|p1a: Calyrex|move: Protect\n|move|p1b: Indeedee|Trick Room|p1b: Indeedee\n|-fieldstart|move: Trick Room|[of] p1b: Indeedee\n|\n|upkeep\n|turn|2\n|\n|t:|1772130100\n|move|p1b: Indeedee|Follow Me|p1b: Indeedee\n|-singleturn|p1b: Indeedee|move: Follow Me\n|move|p1a: Calyrex|Encore|p2a: Calyrex\n|-start|p2a: Calyrex|Encore\n|move|p2a: Calyrex|Leech Seed|p1b: Indeedee\n|-start|p1b: Indeedee|move: Leech Seed\n|move|p2b: Overqwil|Toxic Spikes|p1b: Indeedee\n|-sidestart|p1: DudeGaming 25|move: Toxic Spikes\n|\n|-damage|p1b: Indeedee|88/100|[from] Leech Seed|[of] p2a: Calyrex\n|upkeep\n|turn|3\n|\n|t:|1772130115\n|switch|p2b: Ho-Oh|Ho-Oh, L50|100/100\n|move|p1b: Indeedee|Follow Me|p1b: Indeedee\n|-singleturn|p1b: Indeedee|move: Follow Me\n|move|p1a: Calyrex|Glacial Lance|p2b: Ho-Oh|[spread] p2a,p2b\n|-resisted|p2a: Calyrex\n|-damage|p2a: Calyrex|86/100\n|-damage|p2b: Ho-Oh|61/100\n|move|p2a: Calyrex|Leech Seed||[still]\n|-fail|p2a: Calyrex\n|\n|-heal|p2a: Calyrex|92/100|[from] item: Leftovers\n|-damage|p1b: Indeedee|76/100|[from] Leech Seed|[of] p2a: Calyrex\n|-heal|p2a: Calyrex|100/100|[silent]\n|upkeep\n|turn|4\n|l|\u2606DudeGaming 25\n|inactive|DudeGaming 25 disconnected and has a minute to reconnect!\n|player|p1|\n|inactive|DudeGaming 25 has 30 seconds left.\n|inactive|drive stone has 30 seconds left.\n|inactive|DudeGaming 25 has 20 seconds left.\n|inactive|DudeGaming 25 has 15 seconds left.\n|inactive|DudeGaming 25 has 10 seconds left.\n|inactive|DudeGaming 25 has 5 seconds left.\n|-message|DudeGaming 25 lost due to inactivity.\n|\n|win|drive stone\n|raw|DudeGaming 25's rating: 1264 &rarr; <strong>1236</strong><br />(-28 for losing)\n|raw|drive stone's rating: 1226 &rarr; <strong>1254</strong><br />(+28 for winning)\n|l|\u2606drive stone\n|player|p2|\n","uploadtime":1772130406,"views":15,"formatid":"gen9vgc2026regi","rating":1236,"private":0,"password":null}