{"id":"gen9vgc2026regi-2522594242","format":"[Gen 9] VGC 2026 Reg I","players":["BanKingambit69247","Monkebs"],"log":"|j|\u2606BanKingambit69247\n|j|\u2606Monkebs\n|t:|1768926227\n|gametype|doubles\n|player|p1|BanKingambit69247|170|1262\n|player|p2|Monkebs|kieran-champion|1238\n|gen|9\n|tier|[Gen 9] VGC 2026 Reg I\n|rated|\n|rule|Species Clause: Limit one of each Pok\u00e9mon\n|rule|Item Clause: Limit 1 of each item\n|clearpoke\n|poke|p1|Calyrex-Ice, L50|\n|poke|p1|Koraidon, L50|\n|poke|p1|Incineroar, L50, M|\n|poke|p1|Rillaboom, L50, M|\n|poke|p1|Chi-Yu, L50|\n|poke|p1|Flutter Mane, L50|\n|poke|p2|Rillaboom, L50, M|\n|poke|p2|Chien-Pao, L50|\n|poke|p2|Zamazenta-*, L50|\n|poke|p2|Urshifu-*, L50, F|\n|poke|p2|Calyrex-Shadow, L50|\n|poke|p2|Incineroar, L50, F|\n|teampreview|4\n|inactive|Battle timer is ON: inactive players will automatically lose when time's up. (requested by BanKingambit69247)\n|c|\u2606Monkebs|glhf\n|inactive|BanKingambit69247 has 60 seconds left.\n|\n|t:|1768926289\n|teamsize|p1|4\n|teamsize|p2|4\n|start\n|switch|p1a: Flutter Mane|Flutter Mane, L50|100/100\n|switch|p1b: Chi-Yu|Chi-Yu, L50|100/100\n|switch|p2a: Kaito|Calyrex-Shadow, L50|100/100\n|switch|p2b: Twogami|Zamazenta-Crowned, L50|100/100\n|-ability|p2a: Kaito|As One\n|-ability|p2a: Kaito|Unnerve\n|-ability|p1b: Chi-Yu|Beads of Ruin\n|-ability|p2b: Twogami|Dauntless Shield|boost\n|-boost|p2b: Twogami|def|1\n|turn|1\n|inactive|BanKingambit69247 has 30 seconds left.\n|\n|t:|1768926314\n|-terastallize|p1a: Flutter Mane|Normal\n|move|p2a: Kaito|Protect|p2a: Kaito\n|-singleturn|p2a: Kaito|Protect\n|move|p1b: Chi-Yu|Heat Wave|p2b: Twogami|[spread] p2b\n|-activate|p2a: Kaito|move: Protect\n|-supereffective|p2b: Twogami\n|-damage|p2b: Twogami|19/100\n|move|p1a: Flutter Mane|Shadow Ball|p2a: Kaito\n|-activate|p2a: Kaito|move: Protect\n|move|p2b: Twogami|Body Press|p1b: Chi-Yu\n|-supereffective|p1b: Chi-Yu\n|-damage|p1b: Chi-Yu|0 fnt\n|faint|p1b: Chi-Yu\n|\n|upkeep\n|\n|t:|1768926321\n|switch|p1b: Koraidon|Koraidon, L50|100/100\n|-weather|SunnyDay|[from] ability: Orichalcum Pulse|[of] p1b: Koraidon\n|-activate|p1a: Flutter Mane|ability: Protosynthesis\n|-start|p1a: Flutter Mane|protosynthesisspe\n|-activate|p1b: Koraidon|Orichalcum Pulse|[source]\n|turn|2\n|\n|t:|1768926335\n|switch|p1b: Incineroar|Incineroar, L50, M|100/100\n|-ability|p1b: Incineroar|Intimidate|boost\n|-unboost|p2a: Kaito|atk|1\n|-unboost|p2b: Twogami|atk|1\n|-terastallize|p2a: Kaito|Dark\n|move|p1a: Flutter Mane|Moonblast|p2b: Twogami\n|-crit|p2b: Twogami\n|-damage|p2b: Twogami|0 fnt\n|faint|p2b: Twogami\n|move|p2a: Kaito|Expanding Force|p1b: Incineroar\n|-immune|p1b: Incineroar\n|\n|-weather|SunnyDay|[upkeep]\n|upkeep\n|\n|t:|1768926343\n|switch|p2b: Mukuro|Urshifu-Rapid-Strike, L50, F|100/100\n|turn|3\n|\n|t:|1768926359\n|move|p1a: Flutter Mane|Moonblast|p2b: Mukuro\n|-supereffective|p2b: Mukuro\n|-damage|p2b: Mukuro|0 fnt\n|faint|p2b: Mukuro\n|move|p2a: Kaito|Nasty Plot|p2a: Kaito\n|-boost|p2a: Kaito|spa|2\n|move|p1b: Incineroar|Flare Blitz|p2a: Kaito\n|-damage|p2a: Kaito|30/100\n|-status|p2a: Kaito|brn\n|-damage|p1b: Incineroar|79/100|[from] Recoil\n|\n|-weather|SunnyDay|[upkeep]\n|-damage|p2a: Kaito|24/100 brn|[from] brn\n|upkeep\n|\n|t:|1768926363\n|switch|p2b: Peko|Chien-Pao, L50|100/100\n|-ability|p2b: Peko|Sword of Ruin\n|turn|4\n|\n|t:|1768926371\n|move|p1a: Flutter Mane|Icy Wind|p2a: Kaito|[spread] p2a,p2b\n|-resisted|p2b: Peko\n|-damage|p2a: Kaito|12/100 brn\n|-damage|p2b: Peko|88/100\n|-unboost|p2a: Kaito|spe|1\n|-unboost|p2b: Peko|spe|1\n|move|p2a: Kaito|Astral Barrage|p1a: Flutter Mane|[spread] p1b\n|-immune|p1a: Flutter Mane\n|-resisted|p1b: Incineroar\n|-damage|p1b: Incineroar|30/100\n|-damage|p2a: Kaito|2/100 brn|[from] item: Life Orb\n|move|p2b: Peko|Crunch|p1b: Incineroar\n|-resisted|p1b: Incineroar\n|-damage|p1b: Incineroar|5/100\n|move|p1b: Incineroar|Flare Blitz|p2b: Peko\n|-supereffective|p2b: Peko\n|-damage|p2b: Peko|0 fnt\n|faint|p2b: Peko\n|-damage|p1b: Incineroar|0 fnt|[from] Recoil\n|faint|p1b: Incineroar\n|\n|-weather|SunnyDay|[upkeep]\n|-damage|p2a: Kaito|0 fnt|[from] brn\n|faint|p2a: Kaito\n|\n|win|BanKingambit69247\n|raw|BanKingambit69247's rating: 1262 &rarr; <strong>1285</strong><br />(+23 for winning)\n|raw|Monkebs's rating: 1238 &rarr; <strong>1215</strong><br />(-23 for losing)\n|l|\u2606Monkebs\n|player|p2|\n","uploadtime":1768926374,"views":12,"formatid":"gen9vgc2026regi","rating":1215,"private":0,"password":null}