{"id":"gen9vgc2026regi-2560014426","format":"[Gen 9] VGC 2026 Reg I","players":["speedyturtle87","bman311"],"log":"|j|\u2606speedyturtle87\n|j|\u2606bman311\n|t:|1773636150\n|gametype|doubles\n|player|p1|speedyturtle87|canari|\n|player|p2|bman311|265|\n|gen|9\n|tier|[Gen 9] VGC 2026 Reg I\n|rated|Tournament battle\n|rule|Species Clause: Limit one of each Pok\u00e9mon\n|rule|Item Clause: Limit 1 of each item\n|raw|<div class=\"infobox\"><details class=\"readmore\" open><summary><strong>3 custom rules:</strong></summary> Open Team Sheets, Force Open Team Sheets, !Open Team Sheets</details></div>\n|clearpoke\n|poke|p1|Miraidon, L50|\n|poke|p1|Chi-Yu, L50|\n|poke|p1|Farigiraf, L50, M|\n|poke|p1|Iron Hands, L50|\n|poke|p1|Calyrex-Ice, L50|\n|poke|p1|Urshifu-*, L50, M|\n|poke|p2|Miraidon, L50|\n|poke|p2|Calyrex-Ice, L50|\n|poke|p2|Incineroar, L50, F|\n|poke|p2|Farigiraf, L50, M|\n|poke|p2|Whimsicott, L50, M|\n|poke|p2|Ursaluna, L50, F|\n|teampreview|4\n|showteam|p1|Miraidon||ChoiceSpecs|HadronEngine|ElectroDrift,VoltSwitch,DazzlingGleam,DracoMeteor||||||50|,,,,,Fairy]Chi-Yu||ChoiceScarf|BeadsofRuin|HeatWave,Overheat,DarkPulse,Snarl||||||50|,,,,,Ghost]Farigiraf||ElectricSeed|ArmorTail|Psychic,FoulPlay,HelpingHand,TrickRoom|||M|||50|,,,,,Water]Iron Hands||AssaultVest|QuarkDrive|FakeOut,WildCharge,LowKick,DrainPunch||||||50|,,,,,Water]Calyrex-Ice||ClearAmulet|AsOneGlastrier|GlacialLance,HighHorsepower,TrickRoom,Protect||||||50|,,,,,Water]Urshifu-Rapid-Strike||FocusSash|UnseenFist|CloseCombat,SurgingStrikes,AquaJet,Detect|||M|||50|,,,,,Water\n|showteam|p2|Miraidon||ChoiceSpecs|HadronEngine|ElectroDrift,DracoMeteor,DazzlingGleam,VoltSwitch||||||50|,,,,,Fairy]Calyrex-Ice||ClearAmulet|AsOneGlastrier|GlacialLance,HighHorsepower,TrickRoom,Protect||||||50|,,,,,Water]Incineroar||AssaultVest|Intimidate|FakeOut,KnockOff,FlareBlitz,Uturn|||F|||50|,,,,,Bug]Farigiraf||ElectricSeed|ArmorTail|Psychic,FoulPlay,HelpingHand,TrickRoom|||M|||50|,,,,,Water]Whimsicott||CovertCloak|Prankster|Tailwind,Moonblast,LightScreen,Encore|||M|||50|,,,,,Fire]Ursaluna||FlameOrb|Guts|Facade,HeadlongRush,Earthquake,Protect|||F|||50|,,,,,Ghost\n|inactive|Battle timer is ON: inactive players will automatically lose when time's up. (requested by speedyturtle87)\n|inactive|bman311 also wants the timer to be on.\n|c|\u2606speedyturtle87|glhf\n|j| missouri mott\n|c|\u2606bman311|glhf\n|j|@Therazer456\n|j| eriksp\n|j| Rainpelt103\n|j| hariyama lover\n|j|+holdingb\n|l| Rainpelt103\n|inactive|speedyturtle87 has 60 seconds left.\n|inactive|bman311 has 60 seconds left.\n|j| Ali_0009\n|j| TimeforCHILLI\n|\n|t:|1773636210\n|teamsize|p1|4\n|teamsize|p2|4\n|start\n|switch|p1a: Miraidon|Miraidon, L50|100/100\n|switch|p1b: Calyrex|Calyrex-Ice, L50|100/100\n|switch|p2a: Miraidon|Miraidon, L50|100/100\n|switch|p2b: Incineroar|Incineroar, L50, F|100/100\n|-ability|p1b: Calyrex|As One\n|-ability|p1b: Calyrex|Unnerve\n|-fieldstart|move: Electric Terrain|[from] ability: Hadron Engine|[of] p1a: Miraidon\n|-activate|p2a: Miraidon|ability: Hadron Engine\n|-ability|p2b: Incineroar|Intimidate|boost\n|-unboost|p1a: Miraidon|atk|1\n|-fail|p1b: Calyrex|unboost|[from] item: Clear Amulet|[of] p1b: Calyrex\n|turn|1\n|j| 21Kieran\n|j| legbasket\n|\n|t:|1773636239\n|switch|p1b: Farigiraf|Farigiraf, L50, M, shiny|100/100\n|-enditem|p1b: Farigiraf|Electric Seed\n|-boost|p1b: Farigiraf|def|1|[from] item: Electric Seed\n|-terastallize|p2a: Miraidon|Fairy\n|move|p1a: Miraidon|Electro Drift|p2a: Miraidon\n|-damage|p2a: Miraidon|0 fnt\n|faint|p2a: Miraidon\n|move|p2b: Incineroar|U-turn|p1b: Farigiraf\n|-supereffective|p1b: Farigiraf\n|-damage|p1b: Farigiraf|74/100\n|\n|t:|1773636247\n|switch|p2b: Ursaluna|Ursaluna, L50, F|100/100|[from] U-turn\n|\n|-status|p2b: Ursaluna|brn|[from] item: Flame Orb\n|upkeep\n|\n|t:|1773636251\n|switch|p2a: Farigiraf|Farigiraf, L50, M|100/100\n|-enditem|p2a: Farigiraf|Electric Seed\n|-boost|p2a: Farigiraf|def|1|[from] item: Electric Seed\n|turn|2\n|j| knoxxzeta\n|\n|t:|1773636264\n|move|p1a: Miraidon|Electro Drift|p2a: Farigiraf\n|-damage|p2a: Farigiraf|0 fnt\n|faint|p2a: Farigiraf\n|move|p1b: Farigiraf|Psychic|p2b: Ursaluna\n|-damage|p2b: Ursaluna|62/100 brn\n|-unboost|p2b: Ursaluna|spd|1\n|move|p2b: Ursaluna|Facade|p1b: Farigiraf\n|-damage|p1b: Farigiraf|0 fnt\n|faint|p1b: Farigiraf\n|\n|-damage|p2b: Ursaluna|57/100 brn|[from] brn\n|upkeep\n|\n|t:|1773636275\n|switch|p2a: Incineroar|Incineroar, L50, F|100/100\n|switch|p1b: Iron Hands|Iron Hands, L50, shiny|100/100\n|-ability|p2a: Incineroar|Intimidate|boost\n|-unboost|p1a: Miraidon|atk|1\n|-unboost|p1b: Iron Hands|atk|1\n|-activate|p1b: Iron Hands|ability: Quark Drive\n|-start|p1b: Iron Hands|quarkdriveatk\n|turn|3\n|j| H4irashi\n|l| H4irashi\n|j|@Radio Free C-Side\n|inactive|bman311 has 30 seconds left.\n|inactive|bman311 has 20 seconds left.\n|inactive|bman311 has 15 seconds left.\n|inactive|bman311 has 10 seconds left.\n|\n|t:|1773636320\n|move|p2a: Incineroar|Fake Out|p1b: Iron Hands\n|-damage|p1b: Iron Hands|92/100\n|cant|p1b: Iron Hands|flinch\n|move|p1a: Miraidon|Electro Drift|p2a: Incineroar\n|-damage|p2a: Incineroar|8/100\n|move|p2b: Ursaluna|Facade|p1b: Iron Hands\n|-damage|p1b: Iron Hands|2/100\n|\n|-damage|p2b: Ursaluna|51/100 brn|[from] brn\n|upkeep\n|turn|4\n|inactive|bman311 has 30 seconds left.\n|c|@Radio Free C-Side|real one eq'd and then facade crit the cir\n|inactive|bman311 has 20 seconds left.\n|\n|t:|1773636360\n|-end|p1b: Iron Hands|Quark Drive|[silent]\n|switch|p1b: Calyrex|Calyrex-Ice, L50|100/100\n|-ability|p1b: Calyrex|As One\n|-ability|p1b: Calyrex|Unnerve\n|move|p1a: Miraidon|Electro Drift|p2a: Incineroar\n|-damage|p2a: Incineroar|0 fnt\n|faint|p2a: Incineroar\n|move|p2b: Ursaluna|Earthquake|p1a: Miraidon|[spread] p1a,p1b\n|-supereffective|p1a: Miraidon\n|-damage|p1a: Miraidon|0 fnt\n|-damage|p1b: Calyrex|58/100\n|faint|p1a: Miraidon\n|\n|-damage|p2b: Ursaluna|45/100 brn|[from] brn\n|upkeep\n|\n|t:|1773636371\n|switch|p1a: Iron Hands|Iron Hands, L50, shiny|2/100\n|-activate|p1a: Iron Hands|ability: Quark Drive\n|-start|p1a: Iron Hands|quarkdriveatk\n|turn|5\n|j| Asterisk sign*\n|inactive|bman311 has 30 seconds left.\n|\n|t:|1773636401\n|move|p2b: Ursaluna|Protect|p2b: Ursaluna\n|-singleturn|p2b: Ursaluna|Protect\n|move|p1a: Iron Hands|Fake Out|p2b: Ursaluna\n|-activate|p2b: Ursaluna|move: Protect\n|move|p1b: Calyrex|Trick Room|p1b: Calyrex\n|-fieldstart|move: Trick Room|[of] p1b: Calyrex\n|\n|-damage|p2b: Ursaluna|39/100 brn|[from] brn\n|-fieldend|move: Electric Terrain\n|-end|p1a: Iron Hands|Quark Drive\n|upkeep\n|turn|6\n|\n|t:|1773636410\n|move|p2b: Ursaluna|Earthquake|p1a: Iron Hands|[spread] p1a,p1b\n|-supereffective|p1a: Iron Hands\n|-damage|p1a: Iron Hands|0 fnt\n|-damage|p1b: Calyrex|19/100\n|faint|p1a: Iron Hands\n|-end|p1a: Iron Hands|Quark Drive|[silent]\n|move|p1b: Calyrex|Glacial Lance|p2b: Ursaluna\n|-supereffective|p2b: Ursaluna\n|-damage|p2b: Ursaluna|0 fnt\n|faint|p2b: Ursaluna\n|\n|win|speedyturtle87\n|n|\u2606speedyturtle87|speedyturtle87\n|n|\u2606bman311|bman311\n|n| missouri mott|missourimott\n|n| Therazer456|therazer456\n|n| eriksp|eriksp\n|n| hariyama lover|hariyamalover\n|n| holdingb|holdingb\n|n| Ali_0009|ali0009\n|n| TimeforCHILLI|timeforchilli\n|n| 21Kieran|21kieran\n|n| legbasket|legbasket\n|n| knoxxzeta|knoxxzeta\n|n|+Radio Free C-Side|radiofreecside\n|n| Asterisk sign*|asterisksign\n","uploadtime":1773636410,"views":14,"formatid":"gen9vgc2026regi","rating":null,"private":0,"password":null}