{"id":"gen9vgc2026regi-2545282762","format":"[Gen 9] VGC 2026 Reg I","players":["NightBlizzard","alexit93"],"log":"|j|\u2606NightBlizzard\n|j|\u2606alexit93\n|t:|1771822981\n|gametype|doubles\n|player|p1|NightBlizzard|266|1155\n|player|p2|alexit93|lucas-gen4pt|1232\n|gen|9\n|tier|[Gen 9] VGC 2026 Reg I\n|rated|\n|rule|Species Clause: Limit one of each Pok\u00e9mon\n|rule|Item Clause: Limit 1 of each item\n|clearpoke\n|poke|p1|Miraidon, L50|\n|poke|p1|Ogerpon-Cornerstone, L50, F|\n|poke|p1|Chi-Yu, L50|\n|poke|p1|Kyogre, L50|\n|poke|p1|Iron Valiant, L50|\n|poke|p1|Archaludon, L50, F|\n|poke|p2|Zamazenta-*, L50|\n|poke|p2|Riolu, L50, F|\n|poke|p2|Calyrex-Ice, L50|\n|poke|p2|Rillaboom, L50, M|\n|poke|p2|Incineroar, L50, M|\n|poke|p2|Urshifu-*, L50, M|\n|teampreview|4\n|\n|t:|1771823042\n|teamsize|p1|4\n|teamsize|p2|4\n|start\n|switch|p1a: Ryuji|Chi-Yu, L50|100/100\n|switch|p1b: Pon-Pon|Ogerpon-Cornerstone, L50, F|100/100\n|switch|p2a: Calyrex|Calyrex-Ice, L50|100/100\n|switch|p2b: Rillaboom|Rillaboom, L50, M|100/100\n|-ability|p2a: Calyrex|As One\n|-ability|p2a: Calyrex|Unnerve\n|-ability|p1a: Ryuji|Beads of Ruin\n|-fieldstart|move: Grassy Terrain|[from] ability: Grassy Surge|[of] p2b: Rillaboom\n|turn|1\n|\n|t:|1771823067\n|-terastallize|p2a: Calyrex|Ground\n|move|p2b: Rillaboom|Fake Out|p1b: Pon-Pon\n|-resisted|p1b: Pon-Pon\n|-damage|p1b: Pon-Pon|90/100\n|cant|p1b: Pon-Pon|flinch\n|move|p1a: Ryuji|Taunt|p2a: Calyrex\n|-start|p2a: Calyrex|move: Taunt\n|cant|p2a: Calyrex|move: Taunt|Trick Room\n|\n|-heal|p1b: Pon-Pon|95/100|[from] Grassy Terrain\n|upkeep\n|turn|2\n|\n|t:|1771823087\n|move|p2b: Rillaboom|Grassy Glide|p1b: Pon-Pon\n|-damage|p1b: Pon-Pon|38/100\n|move|p1b: Pon-Pon|Ivy Cudgel|p2a: Calyrex|[anim] Ivy Cudgel Rock\n|-resisted|p2a: Calyrex\n|-damage|p2a: Calyrex|79/100\n|move|p1a: Ryuji|Heat Wave|p2a: Calyrex|[spread] p2a,p2b\n|-supereffective|p2b: Rillaboom\n|-damage|p2a: Calyrex|37/100\n|-damage|p2b: Rillaboom|10/100\n|move|p2a: Calyrex|High Horsepower|p1a: Ryuji\n|-supereffective|p1a: Ryuji\n|-enditem|p1a: Ryuji|Focus Sash\n|-damage|p1a: Ryuji|1/100\n|\n|-heal|p1b: Pon-Pon|43/100|[from] Grassy Terrain\n|-heal|p1a: Ryuji|7/100|[from] Grassy Terrain\n|-heal|p2b: Rillaboom|16/100|[from] Grassy Terrain\n|-heal|p2a: Calyrex|43/100|[from] Grassy Terrain\n|upkeep\n|turn|3\n|\n|t:|1771823104\n|switch|p2b: Riolu|Riolu, L50, F|100/100\n|move|p1b: Pon-Pon|Horn Leech|p2a: Calyrex\n|-supereffective|p2a: Calyrex\n|-damage|p2a: Calyrex|0 fnt\n|-heal|p1b: Pon-Pon|71/100|[from] drain|[of] p2a: Calyrex\n|faint|p2a: Calyrex\n|move|p1a: Ryuji|Heat Wave|p2b: Riolu\n|-crit|p2b: Riolu\n|-damage|p2b: Riolu|0 fnt\n|faint|p2b: Riolu\n|\n|-heal|p1b: Pon-Pon|77/100|[from] Grassy Terrain\n|-heal|p1a: Ryuji|14/100|[from] Grassy Terrain\n|upkeep\n|-message|alexit93 forfeited.\n|\n|win|NightBlizzard\n|raw|NightBlizzard's rating: 1155 &rarr; <strong>1185</strong><br />(+30 for winning)\n|raw|alexit93's rating: 1232 &rarr; <strong>1202</strong><br />(-30 for losing)\n|l|\u2606alexit93\n|player|p2|\n|l|\u2606NightBlizzard\n|player|p1|\n","uploadtime":1771823502,"views":12,"formatid":"gen9vgc2026regi","rating":1185,"private":0,"password":null}