{"id":"gen9vgc2026regi-2574809058","format":"[Gen 9] VGC 2026 Reg I","players":["blackred123","kari_0817"],"log":"|j|\u2606blackred123\n|j|\u2606kari_0817\n|t:|1775277675\n|gametype|doubles\n|player|p1|blackred123|iono-masters|1346\n|player|p2|kari_0817|thorton|1348\n|gen|9\n|tier|[Gen 9] VGC 2026 Reg I\n|rated|\n|rule|Species Clause: Limit one of each Pok\u00e9mon\n|rule|Item Clause: Limit 1 of each item\n|clearpoke\n|poke|p1|Incineroar, L50, F|\n|poke|p1|Rillaboom, L50, M|\n|poke|p1|Landorus, L50, M|\n|poke|p1|Smeargle, L50, F|\n|poke|p1|Koraidon, L50|\n|poke|p1|Calyrex-Ice, L50|\n|poke|p2|Whimsicott, L50, M|\n|poke|p2|Calyrex-Shadow, L50|\n|poke|p2|Urshifu-*, L50, M|\n|poke|p2|Zamazenta-*, L50|\n|poke|p2|Iron Bundle, L50|\n|poke|p2|Chi-Yu, L50|\n|teampreview|4\n|inactive|Battle timer is ON: inactive players will automatically lose when time's up. (requested by blackred123)\n|j| ewrgthyjhsdvfffgs\n|\n|t:|1775277688\n|teamsize|p1|4\n|teamsize|p2|4\n|start\n|switch|p1a: Calyrex|Calyrex-Ice, L50|100/100\n|switch|p1b: Smeargle|Smeargle, L50, F|100/100\n|switch|p2a: Whimsicott|Whimsicott, L50, M, shiny|100/100\n|switch|p2b: Calyrex|Calyrex-Shadow, L50|100/100\n|-ability|p2b: Calyrex|As One\n|-ability|p2b: Calyrex|Unnerve\n|-ability|p1a: Calyrex|As One\n|-ability|p1a: Calyrex|Unnerve\n|turn|1\n|\n|t:|1775277710\n|-terastallize|p1a: Calyrex|Fairy\n|move|p1b: Smeargle|Spiky Shield|p1b: Smeargle\n|-singleturn|p1b: Smeargle|move: Protect\n|move|p2b: Calyrex|Psychic|p1b: Smeargle\n|-activate|p1b: Smeargle|move: Protect\n|move|p2a: Whimsicott|Moonblast|p1b: Smeargle\n|-activate|p1b: Smeargle|move: Protect\n|move|p1a: Calyrex|Trick Room|p1a: Calyrex\n|-fieldstart|move: Trick Room|[of] p1a: Calyrex\n|\n|-ability|p1b: Smeargle|Moody|boost\n|-boost|p1b: Smeargle|spe|2\n|-unboost|p1b: Smeargle|spa|1\n|upkeep\n|turn|2\n|inactive|blackred123 has 30 seconds left.\n|\n|t:|1775277738\n|move|p1b: Smeargle|Follow Me|p1b: Smeargle\n|-singleturn|p1b: Smeargle|move: Follow Me\n|move|p2a: Whimsicott|Encore|p1b: Smeargle\n|-start|p1b: Smeargle|Encore\n|move|p1a: Calyrex|Glacial Lance|p2b: Calyrex|[spread] p2a,p2b\n|-supereffective|p2a: Whimsicott\n|-damage|p2a: Whimsicott|0 fnt\n|-damage|p2b: Calyrex|30/100\n|faint|p2a: Whimsicott\n|-ability|p1a: Calyrex|Chilling Neigh|boost\n|-boost|p1a: Calyrex|atk|1\n|move|p2b: Calyrex|Dark Pulse|p1b: Smeargle\n|-damage|p1b: Smeargle|18/100\n|\n|-ability|p1b: Smeargle|Moody|boost\n|-boost|p1b: Smeargle|spe|2\n|-unboost|p1b: Smeargle|spd|1\n|upkeep\n|\n|t:|1775277753\n|switch|p2a: Zamazenta|Zamazenta-Crowned, L50|100/100\n|-ability|p2a: Zamazenta|Dauntless Shield|boost\n|-boost|p2a: Zamazenta|def|1\n|turn|3\n|\n|t:|1775277761\n|switch|p1b: Landorus|Landorus, L50, M|100/100\n|move|p2b: Calyrex|Protect|p2b: Calyrex\n|-singleturn|p2b: Calyrex|Protect\n|move|p1a: Calyrex|Leech Seed|p2a: Zamazenta\n|-start|p2a: Zamazenta|move: Leech Seed\n|move|p2a: Zamazenta|Behemoth Bash|p1a: Calyrex\n|-supereffective|p1a: Calyrex\n|-damage|p1a: Calyrex|54/100\n|\n|-heal|p1a: Calyrex|60/100|[from] item: Leftovers\n|-damage|p2a: Zamazenta|88/100|[from] Leech Seed|[of] p1a: Calyrex\n|-heal|p1a: Calyrex|72/100|[silent]\n|upkeep\n|turn|4\n|-message|kari_0817 forfeited.\n|\n|win|blackred123\n|raw|blackred123's rating: 1346 &rarr; <strong>1366</strong><br />(+20 for winning)\n|raw|kari_0817's rating: 1348 &rarr; <strong>1328</strong><br />(-20 for losing)\n","uploadtime":1775277775,"views":7,"formatid":"gen9vgc2026regi","rating":1328,"private":0,"password":null}