{"id":"gen9vgc2026regi-2565925475","format":"[Gen 9] VGC 2026 Reg I","players":["Hoanglatao","lstdddsg"],"log":"|j|\u2606Hoanglatao\n|j|\u2606lstdddsg\n|t:|1774318587\n|gametype|doubles\n|player|p1|Hoanglatao|169|1454\n|player|p2|lstdddsg|riley|1538\n|gen|9\n|tier|[Gen 9] VGC 2026 Reg I\n|rated|\n|rule|Species Clause: Limit one of each Pok\u00e9mon\n|rule|Item Clause: Limit 1 of each item\n|clearpoke\n|poke|p1|Chi-Yu, L50|\n|poke|p1|Weezing-Galar, L50, M|\n|poke|p1|Walking Wake, L50|\n|poke|p1|Calyrex-Shadow, L50|\n|poke|p1|Incineroar, L50, M|\n|poke|p1|Koraidon, L50|\n|poke|p2|Giratina-Origin, L50|\n|poke|p2|Zamazenta-*, L50|\n|poke|p2|Chien-Pao, L50|\n|poke|p2|Entei, L50|\n|poke|p2|Urshifu-*, L50, M|\n|poke|p2|Rillaboom, L50, F|\n|teampreview|4\n|inactive|Battle timer is ON: inactive players will automatically lose when time's up. (requested by lstdddsg)\n|inactive|lstdddsg has 60 seconds left.\n|inactive|Hoanglatao has 60 seconds left.\n|\n|t:|1774318636\n|teamsize|p1|4\n|teamsize|p2|4\n|start\n|switch|p1a: Calyrex|Calyrex-Shadow, L50|100/100\n|switch|p1b: Incineroar|Incineroar, L50, M|100/100\n|switch|p2a: Entei|Entei, L50|100/100\n|switch|p2b: Chien-Pao|Chien-Pao, L50|100/100\n|-ability|p1a: Calyrex|As One\n|-ability|p1a: Calyrex|Unnerve\n|-ability|p2b: Chien-Pao|Sword of Ruin\n|-ability|p1b: Incineroar|Intimidate|boost\n|-fail|p2a: Entei|unboost|Attack|[from] ability: Inner Focus|[of] p2a: Entei\n|-unboost|p2b: Chien-Pao|atk|1\n|turn|1\n|\n|t:|1774318661\n|-terastallize|p1a: Calyrex|Ghost\n|-terastallize|p2a: Entei|Normal\n|move|p2b: Chien-Pao|Protect|p2b: Chien-Pao\n|-singleturn|p2b: Chien-Pao|Protect\n|move|p1b: Incineroar|Fake Out|p2b: Chien-Pao\n|-activate|p2b: Chien-Pao|move: Protect\n|move|p1a: Calyrex|Astral Barrage|p2b: Chien-Pao|[spread] \n|-activate|p2b: Chien-Pao|move: Protect\n|-immune|p2a: Entei\n|move|p2a: Entei|Stone Edge|p1b: Incineroar\n|-supereffective|p1b: Incineroar\n|-damage|p1b: Incineroar|0 fnt\n|faint|p1b: Incineroar\n|-damage|p2a: Entei|91/100|[from] item: Life Orb\n|\n|upkeep\n|\n|t:|1774318669\n|switch|p1b: Koraidon|Koraidon, L50|100/100\n|-weather|SunnyDay|[from] ability: Orichalcum Pulse|[of] p1b: Koraidon\n|-activate|p1b: Koraidon|Orichalcum Pulse|[source]\n|turn|2\n|inactive|lstdddsg has 30 seconds left.\n|\n|t:|1774318696\n|move|p2a: Entei|Extreme Speed|p1b: Koraidon\n|-damage|p1b: Koraidon|47/100\n|-damage|p2a: Entei|81/100|[from] item: Life Orb\n|move|p2b: Chien-Pao|Sucker Punch||[still]\n|-fail|p2b: Chien-Pao\n|move|p1a: Calyrex|Encore|p2b: Chien-Pao\n|-start|p2b: Chien-Pao|Encore\n|move|p1b: Koraidon|Collision Course|p2a: Entei\n|-supereffective|p2a: Entei\n|-damage|p2a: Entei|0 fnt\n|faint|p2a: Entei\n|\n|-weather|SunnyDay|[upkeep]\n|upkeep\n|\n|t:|1774318712\n|switch|p2a: Giratina|Giratina-Origin, L50|100/100\n|turn|3\n|inactive|lstdddsg has 30 seconds left.\n|\n|t:|1774318744\n|move|p2b: Chien-Pao|Sucker Punch|p1a: Calyrex\n|-supereffective|p1a: Calyrex\n|-damage|p1a: Calyrex|24/100\n|move|p1a: Calyrex|Astral Barrage|p2b: Chien-Pao|[spread] p2a,p2b\n|-supereffective|p2a: Giratina\n|-resisted|p2b: Chien-Pao\n|-damage|p2a: Giratina|0 fnt\n|-damage|p2b: Chien-Pao|35/100\n|faint|p2a: Giratina\n|-ability|p1a: Calyrex|Grim Neigh|boost\n|-boost|p1a: Calyrex|spa|1\n|move|p1b: Koraidon|Flame Charge|p2b: Chien-Pao\n|-supereffective|p2b: Chien-Pao\n|-damage|p2b: Chien-Pao|0 fnt\n|-boost|p1b: Koraidon|spe|1\n|faint|p2b: Chien-Pao\n|\n|-weather|SunnyDay|[upkeep]\n|upkeep\n|\n|t:|1774318763\n|switch|p2b: Zamazenta|Zamazenta-Crowned, L50|100/100\n|-ability|p2b: Zamazenta|Dauntless Shield|boost\n|-boost|p2b: Zamazenta|def|1\n|turn|4\n|-message|lstdddsg forfeited.\n|\n|win|Hoanglatao\n|raw|Hoanglatao's rating: 1454 &rarr; <strong>1479</strong><br />(+25 for winning)\n|raw|lstdddsg's rating: 1538 &rarr; <strong>1513</strong><br />(-25 for losing)\n|l|\u2606lstdddsg\n|player|p2|\n|l|\u2606Hoanglatao\n|player|p1|\n","uploadtime":1774318803,"views":28,"formatid":"gen9vgc2026regi","rating":1479,"private":0,"password":null}