{"id":"gen9vgc2026regi-2538739231","format":"[Gen 9] VGC 2026 Reg I","players":["501JFW","Unskilled99"],"log":"|j|\u2606501JFW\n|j|\u2606Unskilled99\n|t:|1770966018\n|gametype|doubles\n|player|p1|501JFW|102|1535\n|player|p2|Unskilled99|unknown|1532\n|gen|9\n|tier|[Gen 9] VGC 2026 Reg I\n|rated|\n|rule|Species Clause: Limit one of each Pok\u00e9mon\n|rule|Item Clause: Limit 1 of each item\n|clearpoke\n|poke|p1|Kyogre, L50|\n|poke|p1|Calyrex-Ice, L50|\n|poke|p1|Amoonguss, L50, M|\n|poke|p1|Iron Jugulis, L50|\n|poke|p1|Urshifu-*, L50, F|\n|poke|p1|Indeedee-F, L50, F|\n|poke|p2|Incineroar, L50, M|\n|poke|p2|Rillaboom, L50, F|\n|poke|p2|Landorus, L50, M|\n|poke|p2|Smeargle, L50, M|\n|poke|p2|Koraidon, L50|\n|poke|p2|Calyrex-Ice, L50|\n|teampreview|4\n|inactive|Battle timer is ON: inactive players will automatically lose when time's up. (requested by 501JFW)\n|j| ConnerTEP\n|inactive|501JFW has 60 seconds left.\n|inactive|Unskilled99 has 60 seconds left.\n|\n|t:|1770966061\n|teamsize|p1|4\n|teamsize|p2|4\n|start\n|switch|p1a: Calyrex|Calyrex-Ice, L50|100/100\n|switch|p1b: Indeedee|Indeedee-F, L50, F, shiny|100/100\n|switch|p2a: Calyrex|Calyrex-Ice, L50|100/100\n|switch|p2b: Smeargle|Smeargle, L50, M|100/100\n|-ability|p1a: Calyrex|As One\n|-ability|p1a: Calyrex|Unnerve\n|-ability|p2a: Calyrex|As One\n|-ability|p2a: Calyrex|Unnerve\n|-fieldstart|move: Psychic Terrain|[from] ability: Psychic Surge|[of] p1b: Indeedee\n|-enditem|p1b: Indeedee|Psychic Seed\n|-boost|p1b: Indeedee|spd|1|[from] item: Psychic Seed\n|turn|1\n|\n|t:|1770966075\n|move|p2b: Smeargle|Ruination|p1b: Indeedee\n|-damage|p1b: Indeedee|51/100\n|move|p1b: Indeedee|Psychic|p2b: Smeargle\n|-damage|p2b: Smeargle|11/100\n|move|p1a: Calyrex|Glacial Lance|p2b: Smeargle|[spread] p2a,p2b\n|-resisted|p2a: Calyrex\n|-damage|p2a: Calyrex|82/100\n|-damage|p2b: Smeargle|0 fnt\n|faint|p2b: Smeargle\n|-ability|p1a: Calyrex|Chilling Neigh|boost\n|-boost|p1a: Calyrex|atk|1\n|move|p2a: Calyrex|Glacial Lance|p1b: Indeedee|[spread] p1a,p1b\n|-resisted|p1a: Calyrex\n|-damage|p1a: Calyrex|84/100\n|-damage|p1b: Indeedee|3/100\n|\n|-heal|p2a: Calyrex|88/100|[from] item: Leftovers\n|upkeep\n|\n|t:|1770966088\n|switch|p2b: Rillaboom|Rillaboom, L50, F|100/100\n|-fieldstart|move: Grassy Terrain|[from] ability: Grassy Surge|[of] p2b: Rillaboom\n|turn|2\n|inactive|501JFW has 30 seconds left.\n|inactive|Unskilled99 has 30 seconds left.\n|inactive|501JFW has 20 seconds left.\n|\n|t:|1770966124\n|switch|p1b: Kyogre|Kyogre, L50, shiny|100/100\n|-weather|RainDance|[from] ability: Drizzle|[of] p1b: Kyogre\n|move|p2b: Rillaboom|U-turn|p1b: Kyogre\n|-damage|p1b: Kyogre|81/100\n|\n|t:|1770966133\n|switch|p2b: Koraidon|Koraidon, L50|100/100|[from] U-turn\n|-weather|SunnyDay|[from] ability: Orichalcum Pulse|[of] p2b: Koraidon\n|-activate|p2b: Koraidon|Orichalcum Pulse|[source]\n|move|p1a: Calyrex|Glacial Lance|p2b: Koraidon|[spread] p2a,p2b\n|-resisted|p2a: Calyrex\n|-supereffective|p2b: Koraidon\n|-crit|p2b: Koraidon\n|-damage|p2a: Calyrex|59/100\n|-damage|p2b: Koraidon|0 fnt\n|faint|p2b: Koraidon\n|-ability|p1a: Calyrex|Chilling Neigh|boost\n|-boost|p1a: Calyrex|atk|1\n|move|p2a: Calyrex|Glacial Lance|p1a: Calyrex|[spread] p1a,p1b\n|-resisted|p1a: Calyrex\n|-resisted|p1b: Kyogre\n|-damage|p1a: Calyrex|66/100\n|-damage|p1b: Kyogre|55/100\n|\n|-weather|SunnyDay|[upkeep]\n|-heal|p1b: Kyogre|61/100|[from] Grassy Terrain\n|-heal|p1a: Calyrex|72/100|[from] Grassy Terrain\n|-heal|p2a: Calyrex|65/100|[from] Grassy Terrain\n|-heal|p2a: Calyrex|71/100|[from] item: Leftovers\n|upkeep\n|-message|Unskilled99 forfeited.\n|\n|win|501JFW\n|raw|501JFW's rating: 1535 &rarr; <strong>1555</strong><br />(+20 for winning)\n|raw|Unskilled99's rating: 1532 &rarr; <strong>1512</strong><br />(-20 for losing)\n|l|\u2606Unskilled99\n|player|p2|\n|l| ConnerTEP\n|l|\u2606501JFW\n|player|p1|\n","uploadtime":1770966299,"views":41,"formatid":"gen9vgc2026regi","rating":1512,"private":0,"password":null}