{"id":"gen9vgc2026regi-2577823403","format":"[Gen 9] VGC 2026 Reg I","players":["ness#1glazer","Vectorpd"],"log":"|j|\u2606ness#1glazer\n|j|\u2606Vectorpd\n|t:|1775609606\n|gametype|doubles\n|player|p1|ness#1glazer|265|1529\n|player|p2|Vectorpd|picnicker|1665\n|gen|9\n|tier|[Gen 9] VGC 2026 Reg I\n|rated|\n|rule|Species Clause: Limit one of each Pok\u00e9mon\n|rule|Item Clause: Limit 1 of each item\n|clearpoke\n|poke|p1|Tornadus, L50, M|\n|poke|p1|Indeedee-F, L50, F|\n|poke|p1|Calyrex-Shadow, L50|\n|poke|p1|Urshifu-*, L50, F|\n|poke|p1|Kyogre, L50|\n|poke|p1|Raichu, L50, M|\n|poke|p2|Calyrex-Shadow, L50|\n|poke|p2|Zamazenta-*, L50|\n|poke|p2|Raging Bolt, L50|\n|poke|p2|Rillaboom, L50, M|\n|poke|p2|Tornadus, L50, M|\n|poke|p2|Smeargle, L50, F|\n|teampreview|4\n|inactive|Battle timer is ON: inactive players will automatically lose when time's up. (requested by Vectorpd)\n|\n|t:|1775609626\n|teamsize|p1|4\n|teamsize|p2|4\n|start\n|switch|p1a: Urshifu|Urshifu-Rapid-Strike, L50, F|100/100\n|switch|p1b: Tornadus|Tornadus, L50, M|100/100\n|switch|p2a: Tornadus|Tornadus, L50, M|100/100\n|switch|p2b: Smeargle|Smeargle, L50, F|100/100\n|turn|1\n|\n|t:|1775609650\n|move|p2b: Smeargle|Fake Out|p1a: Urshifu\n|-crit|p1a: Urshifu\n|-damage|p1a: Urshifu|93/100\n|move|p1b: Tornadus|Taunt|p2a: Tornadus\n|-start|p2a: Tornadus|move: Taunt\n|cant|p1a: Urshifu|flinch\n|move|p2a: Tornadus|Bleakwind Storm|p1a: Urshifu|[spread] p1a,p1b\n|-supereffective|p1a: Urshifu\n|-damage|p1a: Urshifu|0 fnt\n|-damage|p1b: Tornadus|40/100\n|faint|p1a: Urshifu\n|\n|-ability|p2b: Smeargle|Moody|boost\n|-boost|p2b: Smeargle|spa|2\n|-unboost|p2b: Smeargle|def|1\n|upkeep\n|\n|t:|1775609665\n|switch|p1a: Kyogre|Kyogre, L50|100/100\n|-weather|RainDance|[from] ability: Drizzle|[of] p1a: Kyogre\n|turn|2\n|\n|t:|1775609677\n|-terastallize|p1a: Kyogre|Water\n|move|p2b: Smeargle|Follow Me|p2b: Smeargle\n|-singleturn|p2b: Smeargle|move: Follow Me\n|move|p1b: Tornadus|Bleakwind Storm|p2b: Smeargle|[spread] p2a,p2b\n|-damage|p2a: Tornadus|56/100\n|-enditem|p2b: Smeargle|Focus Sash\n|-damage|p2b: Smeargle|1/100\n|-unboost|p2b: Smeargle|spe|1\n|move|p1a: Kyogre|Water Spout|p2a: Tornadus|[spread] p2a,p2b\n|-damage|p2a: Tornadus|0 fnt\n|-damage|p2b: Smeargle|0 fnt\n|faint|p2a: Tornadus\n|faint|p2b: Smeargle\n|\n|-weather|RainDance|[upkeep]\n|upkeep\n|\n|t:|1775609685\n|switch|p2b: Calyrex|Calyrex-Shadow, L50|100/100\n|switch|p2a: Zamazenta|Zamazenta-Crowned, L50|100/100\n|-ability|p2b: Calyrex|As One\n|-ability|p2b: Calyrex|Unnerve\n|-ability|p2a: Zamazenta|Dauntless Shield|boost\n|-boost|p2a: Zamazenta|def|1\n|turn|3\n|inactive|ness#1glazer has 30 seconds left.\n|\n|t:|1775609712\n|-terastallize|p2a: Zamazenta|Grass\n|move|p2b: Calyrex|Protect|p2b: Calyrex\n|-singleturn|p2b: Calyrex|Protect\n|move|p1b: Tornadus|Tailwind|p1b: Tornadus\n|-sidestart|p1: ness#1glazer|move: Tailwind\n|move|p1a: Kyogre|Thunder|p2b: Calyrex\n|-activate|p2b: Calyrex|move: Protect\n|move|p2a: Zamazenta|Body Press|p1a: Kyogre\n|-damage|p1a: Kyogre|20/100\n|\n|-weather|RainDance|[upkeep]\n|upkeep\n|turn|4\n|\n|t:|1775609727\n|move|p2a: Zamazenta|Wide Guard|p2a: Zamazenta\n|-singleturn|p2a: Zamazenta|Wide Guard\n|move|p1b: Tornadus|Bleakwind Storm|p2b: Calyrex|[spread] \n|-activate|p2a: Zamazenta|move: Wide Guard\n|-activate|p2b: Calyrex|move: Wide Guard\n|move|p1a: Kyogre|Origin Pulse|p2a: Zamazenta|[spread] \n|-activate|p2a: Zamazenta|move: Wide Guard\n|-activate|p2b: Calyrex|move: Wide Guard\n|move|p2b: Calyrex|Astral Barrage|p1a: Kyogre|[spread] p1a,p1b\n|-damage|p1a: Kyogre|0 fnt\n|-damage|p1b: Tornadus|0 fnt\n|faint|p1a: Kyogre\n|faint|p1b: Tornadus\n|-ability|p2b: Calyrex|Grim Neigh|boost\n|-boost|p2b: Calyrex|spa|2\n|-damage|p2b: Calyrex|91/100|[from] item: Life Orb\n|\n|-weather|RainDance|[upkeep]\n|upkeep\n|-message|ness#1glazer forfeited.\n|\n|win|Vectorpd\n|raw|ness#1glazer's rating: 1529 &rarr; <strong>1516</strong><br />(-13 for losing)\n|raw|Vectorpd's rating: 1665 &rarr; <strong>1678</strong><br />(+13 for winning)\n|l|\u2606ness#1glazer\n|player|p1|\n|l|\u2606Vectorpd\n|player|p2|\n","uploadtime":1775609977,"views":20,"formatid":"gen9vgc2026regi","rating":1516,"private":0,"password":null}