{"id":"gen9vgc2026regi-2553891227","format":"[Gen 9] VGC 2026 Reg I","players":["MengMengZi","drive stone"],"log":"|j|\u2606MengMengZi\n|j|\u2606drive stone\n|t:|1772896401\n|gametype|doubles\n|player|p1|MengMengZi|n|1367\n|player|p2|drive stone|cilan|1440\n|gen|9\n|tier|[Gen 9] VGC 2026 Reg I\n|rated|\n|rule|Species Clause: Limit one of each Pok\u00e9mon\n|rule|Item Clause: Limit 1 of each item\n|clearpoke\n|poke|p1|Walking Wake, L50|\n|poke|p1|Tornadus, L50, M|\n|poke|p1|Grimmsnarl, L50, M|\n|poke|p1|Terapagos, L50, M|\n|poke|p1|Calyrex-Shadow, L50|\n|poke|p1|Annihilape, L50, M|\n|poke|p2|Regieleki, L50|\n|poke|p2|Calyrex-Shadow, L50|\n|poke|p2|Koraidon, L50|\n|poke|p2|Incineroar, L50, M|\n|poke|p2|Rillaboom, L50, M|\n|poke|p2|Volcarona, L50, F|\n|teampreview|4\n|j| Melonnolem\n|l| Melonnolem\n|\n|t:|1772896467\n|teamsize|p1|4\n|teamsize|p2|4\n|start\n|switch|p1a: Calyrex|Calyrex-Shadow, L50|100/100\n|switch|p1b: Grimmsnarl|Grimmsnarl, L50, M, shiny|100/100\n|switch|p2a: Calyrex|Calyrex-Shadow, L50|100/100\n|switch|p2b: Regieleki|Regieleki, L50|100/100\n|-ability|p1a: Calyrex|As One\n|-ability|p1a: Calyrex|Unnerve\n|-ability|p2a: Calyrex|As One\n|-ability|p2a: Calyrex|Unnerve\n|turn|1\n|\n|t:|1772896484\n|-terastallize|p1a: Calyrex|Dark\n|-terastallize|p2a: Calyrex|Dark\n|move|p1b: Grimmsnarl|Fake Out|p2b: Regieleki\n|-damage|p2b: Regieleki|77/100\n|move|p1a: Calyrex|Astral Barrage|p2b: Regieleki|[spread] p2a,p2b\n|-resisted|p2a: Calyrex\n|-damage|p2a: Calyrex|78/100\n|-damage|p2b: Regieleki|0 fnt\n|faint|p2b: Regieleki\n|-ability|p1a: Calyrex|Grim Neigh|boost\n|-boost|p1a: Calyrex|spa|1\n|move|p2a: Calyrex|Nasty Plot|p2a: Calyrex\n|-boost|p2a: Calyrex|spa|2\n|\n|upkeep\n|\n|t:|1772896506\n|switch|p2b: Incineroar|Incineroar, L50, M|100/100\n|-ability|p2b: Incineroar|Intimidate|boost\n|-unboost|p1a: Calyrex|atk|1\n|-unboost|p1b: Grimmsnarl|atk|1\n|turn|2\n|\n|t:|1772896520\n|move|p2b: Incineroar|Fake Out|p1b: Grimmsnarl\n|-damage|p1b: Grimmsnarl|89/100\n|move|p1a: Calyrex|Astral Barrage|p2b: Incineroar|[spread] p2a,p2b\n|-resisted|p2a: Calyrex\n|-resisted|p2b: Incineroar\n|-damage|p2a: Calyrex|43/100\n|-damage|p2b: Incineroar|60/100\n|move|p2a: Calyrex|Nasty Plot|p2a: Calyrex\n|-boost|p2a: Calyrex|spa|2\n|move|p1b: Grimmsnarl|Spirit Break|p2a: Calyrex\n|-supereffective|p2a: Calyrex\n|-damage|p2a: Calyrex|0 fnt\n|faint|p2a: Calyrex\n|\n|upkeep\n|-message|drive stone forfeited.\n|\n|win|MengMengZi\n|raw|MengMengZi's rating: 1367 &rarr; <strong>1391</strong><br />(+24 for winning)\n|raw|drive stone's rating: 1440 &rarr; <strong>1416</strong><br />(-24 for losing)\n|l|\u2606drive stone\n|player|p2|\n|l|\u2606MengMengZi\n|player|p1|\n","uploadtime":1772896784,"views":16,"formatid":"gen9vgc2026regi","rating":1391,"private":0,"password":null}