{"id":"gen9vgc2026regi-2560629143","format":"[Gen 9] VGC 2026 Reg I","players":["Bman311","comfy n ez 2 wear"],"log":"|j|\u2606Bman311\n|j|\u2606comfy n ez 2 wear\n|html|<table width=\"100%\"><tr><td align=\"left\">Bman311</td><td align=\"right\">comfy n ez 2 wear</tr><tr><td align=\"left\"><i class=\"fa fa-circle-o\"></i> <i class=\"fa fa-circle-o\"></i> </td><td align=\"right\"><i class=\"fa fa-circle-o\"></i> <i class=\"fa fa-circle-o\"></i> </tr></table>\n|uhtml|bestof|<h2><strong>Game 1</strong> of <a href=\"/game-bestof3-gen9vgc2026regi-2560629142\">a best-of-3</a></h2>\n|t:|1773706218\n|gametype|doubles\n|player|p1|Bman311|cynthia-gen7|\n|player|p2|comfy n ez 2 wear|101|\n|gen|9\n|tier|[Gen 9] VGC 2026 Reg I\n|rated|Tournament battle\n|rule|Species Clause: Limit one of each Pok\u00e9mon\n|rule|Item Clause: Limit 1 of each item\n|raw|<div class=\"infobox\"><details class=\"readmore\" open><summary><strong>4 custom rules:</strong></summary> Open Team Sheets, Force Open Team Sheets, !Open Team Sheets, Best of = 3</details></div>\n|clearpoke\n|poke|p1|Miraidon, L50|\n|poke|p1|Calyrex-Ice, L50|\n|poke|p1|Incineroar, L50, F|\n|poke|p1|Farigiraf, L50, F|\n|poke|p1|Whimsicott, L50, M|\n|poke|p1|Ursaluna, L50, F|\n|poke|p2|Entei, L50|\n|poke|p2|Miraidon, L50|\n|poke|p2|Grimmsnarl, L50, M|\n|poke|p2|Amoonguss, L50, F|\n|poke|p2|Zamazenta-*, L50|\n|poke|p2|Chien-Pao, L50|\n|teampreview|4\n|showteam|p1|Miraidon||ChoiceSpecs|HadronEngine|ElectroDrift,DracoMeteor,DazzlingGleam,VoltSwitch||||||50|,,,,,Fairy]Calyrex-Ice||ClearAmulet|AsOneGlastrier|GlacialLance,HighHorsepower,TrickRoom,Protect||||||50|,,,,,Water]Incineroar||AssaultVest|Intimidate|FakeOut,KnockOff,FlareBlitz,Uturn|||F|||50|,,,,,Bug]Farigiraf||ElectricSeed|ArmorTail|Psychic,FoulPlay,HelpingHand,TrickRoom|||F|||50|,,,,,Water]Whimsicott||CovertCloak|Prankster|Tailwind,Moonblast,LightScreen,Encore|||M|||50|,,,,,Fire]Ursaluna||FlameOrb|Guts|Facade,HeadlongRush,Earthquake,Protect|||F|||50|,,,,,Ghost\n|showteam|p2|Entei||AssaultVest|InnerFocus|SacredFire,ExtremeSpeed,Snarl,StompingTantrum||||||50|,,,,,Bug]Miraidon||ChoiceScarf|HadronEngine|ElectroDrift,DracoMeteor,Snarl,VoltSwitch||||||50|,,,,,Electric]Grimmsnarl||LightClay|Prankster|FoulPlay,Reflect,LightScreen,ThunderWave|||M|||50|,,,,,Ghost]Amoonguss||RockyHelmet|Regenerator|PollenPuff,RagePowder,Spore,Protect|||F|||50|,,,,,Water]Zamazenta-Crowned||RustedShield|DauntlessShield|BodyPress,behemothbash,WideGuard,Protect||||||50|,,,,,Dragon]Chien-Pao||FocusSash|SwordofRuin|IceSpinner,ThroatChop,IceShard,Protect||||||50|,,,,,Ghost\n|inactive|Battle timer is ON: inactive players will automatically lose when time's up. (requested by Bman311)\n|j| TimeforCHILLI\n|inactive|comfy n ez 2 wear has 60 seconds left.\n|j| Rainpelt103\n|inactive|comfy n ez 2 wear has 30 seconds left.\n|inactive|comfy n ez 2 wear has 20 seconds left.\n|\n|t:|1773706291\n|teamsize|p1|4\n|teamsize|p2|4\n|start\n|switch|p1a: Incineroar|Incineroar, L50, F|100/100\n|switch|p1b: Miraidon|Miraidon, L50|100/100\n|switch|p2a: Chien-Pao|Chien-Pao, L50|100/100\n|switch|p2b: Grimmsnarl|Grimmsnarl, L50, M|100/100\n|-ability|p2a: Chien-Pao|Sword of Ruin\n|-fieldstart|move: Electric Terrain|[from] ability: Hadron Engine|[of] p1b: Miraidon\n|-ability|p1a: Incineroar|Intimidate|boost\n|-unboost|p2a: Chien-Pao|atk|1\n|-unboost|p2b: Grimmsnarl|atk|1\n|turn|1\n|\n|t:|1773706312\n|-terastallize|p1b: Miraidon|Fairy\n|move|p1a: Incineroar|Fake Out|p2b: Grimmsnarl\n|-damage|p2b: Grimmsnarl|84/100\n|cant|p2b: Grimmsnarl|flinch\n|move|p2a: Chien-Pao|Ice Spinner|p1b: Miraidon\n|-damage|p1b: Miraidon|70/100\n|-fieldend|move: Electric Terrain\n|move|p1b: Miraidon|Dazzling Gleam|p2a: Chien-Pao|[spread] p2a,p2b\n|-supereffective|p2a: Chien-Pao\n|-supereffective|p2b: Grimmsnarl\n|-enditem|p2a: Chien-Pao|Focus Sash\n|-damage|p2a: Chien-Pao|1/100\n|-damage|p2b: Grimmsnarl|0 fnt\n|faint|p2b: Grimmsnarl\n|\n|upkeep\n|\n|t:|1773706321\n|switch|p2b: Zamazenta|Zamazenta-Crowned, L50|100/100\n|-ability|p2b: Zamazenta|Dauntless Shield|boost\n|-boost|p2b: Zamazenta|def|1\n|turn|2\n|\n|t:|1773706335\n|switch|p1b: Whimsicott|Whimsicott, L50, M|100/100\n|move|p2a: Chien-Pao|Ice Spinner|p1b: Whimsicott\n|-supereffective|p1b: Whimsicott\n|-damage|p1b: Whimsicott|29/100\n|move|p2b: Zamazenta|Body Press|p1a: Incineroar\n|-supereffective|p1a: Incineroar\n|-damage|p1a: Incineroar|0 fnt\n|faint|p1a: Incineroar\n|\n|upkeep\n|l| Rainpelt103\n|\n|t:|1773706351\n|switch|p1a: Miraidon|Miraidon, L50, tera:Fairy|70/100\n|-fieldstart|move: Electric Terrain|[from] ability: Hadron Engine|[of] p1a: Miraidon\n|turn|3\n|inactive|comfy n ez 2 wear has 30 seconds left.\n|\n|t:|1773706382\n|move|p2b: Zamazenta|Protect|p2b: Zamazenta\n|-singleturn|p2b: Zamazenta|Protect\n|move|p2a: Chien-Pao|Ice Shard|p1b: Whimsicott\n|-supereffective|p1b: Whimsicott\n|-damage|p1b: Whimsicott|0 fnt\n|faint|p1b: Whimsicott\n|move|p1a: Miraidon|Volt Switch|p2a: Chien-Pao\n|-damage|p2a: Chien-Pao|0 fnt\n|faint|p2a: Chien-Pao\n|\n|t:|1773706385\n|switch|p1a: Ursaluna|Ursaluna, L50, F|100/100|[from] Volt Switch\n|\n|-status|p1a: Ursaluna|brn|[from] item: Flame Orb\n|upkeep\n|\n|t:|1773706389\n|switch|p2a: Entei|Entei, L50, shiny|100/100\n|switch|p1b: Miraidon|Miraidon, L50, tera:Fairy|70/100\n|-activate|p1b: Miraidon|ability: Hadron Engine\n|turn|4\n|\n|t:|1773706406\n|-terastallize|p2b: Zamazenta|Dragon\n|move|p1a: Ursaluna|Protect|p1a: Ursaluna\n|-singleturn|p1a: Ursaluna|Protect\n|move|p1b: Miraidon|Electro Drift|p2a: Entei\n|-damage|p2a: Entei|10/100\n|move|p2b: Zamazenta|Body Press|p1a: Ursaluna\n|-activate|p1a: Ursaluna|move: Protect\n|move|p2a: Entei|Sacred Fire|p1b: Miraidon\n|-damage|p1b: Miraidon|28/100\n|-status|p1b: Miraidon|brn\n|\n|-damage|p1b: Miraidon|22/100 brn|[from] brn\n|-damage|p1a: Ursaluna|95/100 brn|[from] brn\n|upkeep\n|turn|5\n|\n|t:|1773706416\n|move|p2a: Entei|Extreme Speed|p1b: Miraidon\n|-damage|p1b: Miraidon|0 fnt\n|faint|p1b: Miraidon\n|move|p2b: Zamazenta|Body Press|p1a: Ursaluna\n|-supereffective|p1a: Ursaluna\n|-damage|p1a: Ursaluna|3/100 brn\n|move|p1a: Ursaluna|Facade|p2b: Zamazenta\n|-damage|p2b: Zamazenta|52/100\n|\n|-damage|p1a: Ursaluna|0 fnt|[from] brn\n|faint|p1a: Ursaluna\n|\n|win|comfy n ez 2 wear\n||Bman311 is ready for game 2.\n|inactive|comfy n ez 2 wear has 30 seconds to confirm battle start!\n|l|\u2606Bman311\n|player|p1|\n||comfy n ez 2 wear is ready for game 2.\n|uhtml|next|Next: <a href=\"/battle-gen9vgc2026regi-2560631116\"><strong>Game 2 of 3</strong></a>\n|l| TimeforCHILLI\n","uploadtime":1773708264,"views":18,"formatid":"gen9vgc2026regi","rating":null,"private":0,"password":null}