{"id":"gen9vgc2026regi-2555625991","format":"[Gen 9] VGC 2026 Reg I","players":["KahunaVGC","g0dGun"],"log":"|j|\u2606KahunaVGC\n|j|\u2606g0dGun\n|t:|1773110242\n|gametype|doubles\n|player|p1|KahunaVGC|169|1333\n|player|p2|g0dGun|blue|1470\n|gen|9\n|tier|[Gen 9] VGC 2026 Reg I\n|rated|\n|rule|Species Clause: Limit one of each Pok\u00e9mon\n|rule|Item Clause: Limit 1 of each item\n|clearpoke\n|poke|p1|Pawmot, L50, M|\n|poke|p1|Swampert, L50, M|\n|poke|p1|Miraidon, L50|\n|poke|p1|Ninetales-Alola, L50, F|\n|poke|p1|Ho-Oh, L50|\n|poke|p1|Iron Leaves, L50|\n|poke|p2|Hitmontop, L50, M|\n|poke|p2|Terapagos, L50, M|\n|poke|p2|Calyrex-Shadow, L50|\n|poke|p2|Ogerpon-Cornerstone, L50, F|\n|poke|p2|Urshifu-*, L50, F|\n|poke|p2|Whimsicott, L50, F|\n|teampreview|4\n|inactive|Battle timer is ON: inactive players will automatically lose when time's up. (requested by g0dGun)\n|\n|t:|1773110264\n|teamsize|p1|4\n|teamsize|p2|4\n|start\n|switch|p1a: Annihilation|Swampert, L50, M|100/100\n|switch|p1b: \u94c1\u6591\u53f6|Iron Leaves, L50|100/100\n|switch|p2a: Hitmontop|Hitmontop, L50, M|100/100\n|switch|p2b: Terapagos|Terapagos, L50, M|100/100\n|-activate|p2b: Terapagos|ability: Tera Shift\n|detailschange|p2b: Terapagos|Terapagos-Terastal, L50, M\n|-heal|p2b: Terapagos|100/100|[silent]\n|-ability|p2a: Hitmontop|Intimidate|boost\n|-unboost|p1a: Annihilation|atk|1\n|-unboost|p1b: \u94c1\u6591\u53f6|atk|1\n|turn|1\n|inactive|g0dGun has 30 seconds left.\n|\n|t:|1773110290\n|-terastallize|p2b: Terapagos|Stellar\n|detailschange|p2b: Terapagos|Terapagos-Stellar, L50, M, tera:Stellar\n|-heal|p2b: Terapagos|100/100|[silent]\n|move|p2a: Hitmontop|Vacuum Wave|p2b: Terapagos\n|-supereffective|p2b: Terapagos\n|-damage|p2b: Terapagos|95/100\n|-enditem|p2b: Terapagos|Weakness Policy\n|-boost|p2b: Terapagos|atk|2|[from] item: Weakness Policy\n|-boost|p2b: Terapagos|spa|2|[from] item: Weakness Policy\n|move|p1b: \u94c1\u6591\u53f6|Psyblade|p2a: Hitmontop\n|-supereffective|p2a: Hitmontop\n|-damage|p2a: Hitmontop|0 fnt\n|faint|p2a: Hitmontop\n|move|p2b: Terapagos|Tera Starstorm|p1b: \u94c1\u6591\u53f6|[spread] p1a,p1b\n|-damage|p1a: Annihilation|40/100\n|-damage|p1b: \u94c1\u6591\u53f6|31/100\n|move|p1a: Annihilation|Knock Off|p2b: Terapagos\n|-damage|p2b: Terapagos|88/100\n|\n|-heal|p1a: Annihilation|45/100|[from] item: Leftovers\n|upkeep\n|\n|t:|1773110310\n|switch|p2a: Ogerpon|Ogerpon-Cornerstone, L50, F|100/100\n|turn|2\n|\n|t:|1773110331\n|move|p2a: Ogerpon|Spiky Shield|p2a: Ogerpon\n|-singleturn|p2a: Ogerpon|move: Protect\n|move|p1a: Annihilation|Wide Guard|p1a: Annihilation\n|-singleturn|p1a: Annihilation|Wide Guard\n|move|p1b: \u94c1\u6591\u53f6|Psyblade|p2b: Terapagos\n|-damage|p2b: Terapagos|61/100\n|move|p2b: Terapagos|Rock Polish|p2b: Terapagos\n|-boost|p2b: Terapagos|spe|2\n|\n|-heal|p1a: Annihilation|51/100|[from] item: Leftovers\n|upkeep\n|turn|3\n|\n|t:|1773110348\n|-end|p1b: \u94c1\u6591\u53f6|Quark Drive|[silent]\n|switch|p1b: Snoruto|Ninetales-Alola, L50, F, shiny|100/100\n|-weather|Snowscape|[from] ability: Snow Warning|[of] p1b: Snoruto\n|move|p1a: Annihilation|Wide Guard|p1a: Annihilation\n|-singleturn|p1a: Annihilation|Wide Guard\n|move|p2b: Terapagos|Earth Power|p1b: Snoruto\n|-damage|p1b: Snoruto|34/100\n|move|p2a: Ogerpon|Horn Leech|p1a: Annihilation\n|-supereffective|p1a: Annihilation\n|-damage|p1a: Annihilation|0 fnt\n|faint|p1a: Annihilation\n|\n|-weather|Snowscape|[upkeep]\n|upkeep\n|\n|t:|1773110360\n|switch|p1a: Free Bird|Ho-Oh, L50|100/100\n|turn|4\n|\n|t:|1773110368\n|move|p2b: Terapagos|Tera Starstorm|p1b: Snoruto|[spread] p1a,p1b\n|-damage|p1a: Free Bird|54/100\n|-damage|p1b: Snoruto|0 fnt\n|faint|p1b: Snoruto\n|move|p2a: Ogerpon|Ivy Cudgel|p1a: Free Bird|[anim] Ivy Cudgel Rock\n|-supereffective|p1a: Free Bird\n|-damage|p1a: Free Bird|0 fnt\n|faint|p1a: Free Bird\n|\n|-weather|Snowscape|[upkeep]\n|upkeep\n|-message|KahunaVGC forfeited.\n|\n|win|g0dGun\n|raw|KahunaVGC's rating: 1333 &rarr; <strong>1321</strong><br />(-12 for losing)\n|raw|g0dGun's rating: 1470 &rarr; <strong>1482</strong><br />(+12 for winning)\n|l|\u2606KahunaVGC\n|player|p1|\n|l|\u2606g0dGun\n|player|p2|\n","uploadtime":1773110548,"views":14,"formatid":"gen9vgc2026regi","rating":1321,"private":0,"password":null}