{"id":"gen9vgc2026regi-2552589123","format":"[Gen 9] VGC 2026 Reg I","players":["liamvgc1","SnorlaxPikachu1"],"log":"|j|\u2606liamvgc1\n|j|\u2606SnorlaxPikachu1\n|html|<table width=\"100%\"><tr><td align=\"left\">liamvgc1</td><td align=\"right\">SnorlaxPikachu1</tr><tr><td align=\"left\"><i class=\"fa fa-circle\"></i> <i class=\"fa fa-circle-o\"></i> </td><td align=\"right\"><i class=\"fa fa-circle-o\"></i> <i class=\"fa fa-circle\"></i> </tr></table>\n|uhtml|bestof|<h2><strong>Game 3</strong> of <a href=\"/game-bestof3-gen9vgc2026regi-2552586153\">a best-of-3</a></h2>\n|t:|1772734959\n|gametype|doubles\n|player|p1|liamvgc1|unknown|\n|player|p2|SnorlaxPikachu1|palmer|\n|gen|9\n|tier|[Gen 9] VGC 2026 Reg I\n|rule|Species Clause: Limit one of each Pok\u00e9mon\n|rule|Item Clause: Limit 1 of each item\n|raw|<div class=\"infobox\"><details class=\"readmore\" open><summary><strong>1 custom rule:</strong></summary> Best of = 3</details></div>\n|clearpoke\n|poke|p1|Chi-Yu, L50|\n|poke|p1|Urshifu-*, L50, M|\n|poke|p1|Farigiraf, L50, F|\n|poke|p1|Whimsicott, L50, F|\n|poke|p1|Miraidon, L50|\n|poke|p1|Zacian-*, L50|\n|poke|p2|Terapagos, L50, M|\n|poke|p2|Calyrex-Shadow, L50|\n|poke|p2|Incineroar, L50, F|\n|poke|p2|Flutter Mane, L50|\n|poke|p2|Ogerpon-Cornerstone, L50, F|\n|poke|p2|Rillaboom, L50, M|\n|teampreview|4\n|inactive|Battle timer is ON: inactive players will automatically lose when time's up. (requested by liamvgc1)\n|\n|t:|1772734975\n|teamsize|p1|4\n|teamsize|p2|4\n|start\n|switch|p1a: Chi-Yu|Chi-Yu, L50|100/100\n|switch|p1b: Urshifu|Urshifu-Rapid-Strike, L50, M|100/100\n|switch|p2a: Flutter Mane|Flutter Mane, L50|100/100\n|switch|p2b: Calyrex|Calyrex-Shadow, L50|100/100\n|-ability|p2b: Calyrex|As One\n|-ability|p2b: Calyrex|Unnerve\n|-ability|p1a: Chi-Yu|Beads of Ruin\n|-enditem|p2a: Flutter Mane|Booster Energy\n|-activate|p2a: Flutter Mane|ability: Protosynthesis|[fromitem]\n|-start|p2a: Flutter Mane|protosynthesisspe\n|turn|1\n|inactive|SnorlaxPikachu1 has 30 seconds left.\n|\n|t:|1772735000\n|switch|p1b: Farigiraf|Farigiraf, L50, F|100/100\n|-terastallize|p2b: Calyrex|Ghost\n|move|p2a: Flutter Mane|Icy Wind|p1b: Farigiraf|[spread] p1a,p1b\n|-resisted|p1a: Chi-Yu\n|-crit|p1a: Chi-Yu\n|-damage|p1a: Chi-Yu|91/100\n|-damage|p1b: Farigiraf|84/100\n|-unboost|p1a: Chi-Yu|spe|1\n|-unboost|p1b: Farigiraf|spe|1\n|move|p2b: Calyrex|Astral Barrage|p1b: Farigiraf|[spread] p1a\n|-immune|p1b: Farigiraf\n|-resisted|p1a: Chi-Yu\n|-damage|p1a: Chi-Yu|47/100\n|move|p1a: Chi-Yu|Dark Pulse|p2b: Calyrex\n|-supereffective|p2b: Calyrex\n|-enditem|p2b: Calyrex|Focus Sash\n|-damage|p2b: Calyrex|1/100\n|\n|upkeep\n|turn|2\n|\n|t:|1772735022\n|move|p2a: Flutter Mane|Moonblast|p1a: Chi-Yu\n|-damage|p1a: Chi-Yu|0 fnt\n|faint|p1a: Chi-Yu\n|move|p2b: Calyrex|Pollen Puff|p1b: Farigiraf\n|-supereffective|p1b: Farigiraf\n|-damage|p1b: Farigiraf|8/100\n|move|p1b: Farigiraf|Foul Play|p2b: Calyrex\n|-supereffective|p2b: Calyrex\n|-damage|p2b: Calyrex|0 fnt\n|faint|p2b: Calyrex\n|\n|upkeep\n|\n|t:|1772735033\n|switch|p2b: Rillaboom|Rillaboom, L50, M|100/100\n|switch|p1a: Urshifu|Urshifu-Rapid-Strike, L50, M|100/100\n|-fieldstart|move: Grassy Terrain|[from] ability: Grassy Surge|[of] p2b: Rillaboom\n|turn|3\n|\n|t:|1772735042\n|switch|p1b: Miraidon|Miraidon, L50|100/100\n|-fieldstart|move: Electric Terrain|[from] ability: Hadron Engine|[of] p1b: Miraidon\n|-terastallize|p1a: Urshifu|Water\n|move|p2a: Flutter Mane|Icy Wind|p1a: Urshifu|[spread] p1a,p1b\n|-resisted|p1a: Urshifu\n|-supereffective|p1b: Miraidon\n|-damage|p1a: Urshifu|93/100\n|-damage|p1b: Miraidon|78/100\n|-unboost|p1a: Urshifu|spe|1\n|-unboost|p1b: Miraidon|spe|1\n|move|p2b: Rillaboom|Wood Hammer|p1a: Urshifu\n|-supereffective|p1a: Urshifu\n|-damage|p1a: Urshifu|0 fnt\n|faint|p1a: Urshifu\n|-damage|p2b: Rillaboom|74/100|[from] Recoil\n|\n|upkeep\n|-message|liamvgc1 forfeited.\n|\n|win|SnorlaxPikachu1\n|c|\u2606SnorlaxPikachu1|ggwp\n|l|\u2606liamvgc1\n|player|p1|\n","uploadtime":1772735096,"views":24,"formatid":"gen9vgc2026regi","rating":null,"private":0,"password":null}