{"id":"gen9vgc2026regi-2588415007","format":"[Gen 9] VGC 2026 Reg I","players":["Mulaticoxxx","Luca8"],"log":"|j|\u2606Mulaticoxxx\n|j|\u2606Luca8\n|t:|1776631562\n|gametype|doubles\n|player|p1|Mulaticoxxx|169|1426\n|player|p2|Luca8|flint|1544\n|gen|9\n|tier|[Gen 9] VGC 2026 Reg I\n|rated|\n|rule|Species Clause: Limit one of each Pok\u00e9mon\n|rule|Item Clause: Limit 1 of each item\n|clearpoke\n|poke|p1|Zoroark-Hisui, L50, M|\n|poke|p1|Calyrex-Ice, L50|\n|poke|p1|Terapagos, L50, M|\n|poke|p1|Raichu, L50, F|\n|poke|p1|Incineroar, L50, F|\n|poke|p1|Annihilape, L50, M|\n|poke|p2|Zamazenta-*, L50|\n|poke|p2|Indeedee-F, L50, F|\n|poke|p2|Torkoal, L50, F|\n|poke|p2|Calyrex-Shadow, L50|\n|poke|p2|Pelipper, L50, F|\n|poke|p2|Tornadus, L50, M|\n|teampreview|4\n|inactive|Battle timer is ON: inactive players will automatically lose when time's up. (requested by Mulaticoxxx)\n|inactive|Luca8 has 60 seconds left.\n|\n|t:|1776631596\n|teamsize|p1|4\n|teamsize|p2|4\n|start\n|switch|p1a: Incineroar|Incineroar, L50, F|100/100\n|switch|p1b: Calyrex|Calyrex-Ice, L50|100/100\n|switch|p2a: Zamazenta|Zamazenta-Crowned, L50|100/100\n|switch|p2b: Calyrex|Calyrex-Shadow, L50|100/100\n|-ability|p2b: Calyrex|As One\n|-ability|p2b: Calyrex|Unnerve\n|-ability|p2a: Zamazenta|Dauntless Shield|boost\n|-boost|p2a: Zamazenta|def|1\n|-ability|p1a: Incineroar|Intimidate|boost\n|-unboost|p2a: Zamazenta|atk|1\n|-unboost|p2b: Calyrex|atk|1\n|turn|1\n|inactive|Luca8 has 30 seconds left.\n|\n|t:|1776631624\n|move|p1a: Incineroar|Fake Out|p2a: Zamazenta\n|-resisted|p2a: Zamazenta\n|-damage|p2a: Zamazenta|98/100\n|move|p2b: Calyrex|Astral Barrage|p1b: Calyrex|[spread] p1a\n|-immune|p1b: Calyrex\n|-resisted|p1a: Incineroar\n|-damage|p1a: Incineroar|81/100\n|move|p1b: Calyrex|Foul Play|p2b: Calyrex\n|-supereffective|p2b: Calyrex\n|-damage|p2b: Calyrex|52/100\n|cant|p2a: Zamazenta|flinch\n|\n|upkeep\n|turn|2\n|inactive|Mulaticoxxx has 30 seconds left.\n|\n|t:|1776631651\n|switch|p2b: Indeedee|Indeedee-F, L50, F|100/100\n|-fieldstart|move: Psychic Terrain|[from] ability: Psychic Surge|[of] p2b: Indeedee\n|-terastallize|p1a: Incineroar|Ghost\n|move|p1b: Calyrex|Will-O-Wisp|p2a: Zamazenta\n|-status|p2a: Zamazenta|brn\n|move|p2a: Zamazenta|Body Press|p1a: Incineroar\n|-immune|p1a: Incineroar\n|move|p1a: Incineroar|Knock Off|p2b: Indeedee\n|-supereffective|p2b: Indeedee\n|-damage|p2b: Indeedee|32/100\n|-enditem|p2b: Indeedee|Safety Goggles|[from] move: Knock Off|[of] p1a: Incineroar\n|\n|-damage|p2a: Zamazenta|92/100 brn|[from] brn\n|upkeep\n|turn|3\n|inactive|Mulaticoxxx has 30 seconds left.\n|inactive|Luca8 has 30 seconds left.\n|j| ChilledLotusA\n|inactive|Mulaticoxxx has 20 seconds left.\n|inactive|Mulaticoxxx has 15 seconds left.\n|inactive|Mulaticoxxx has 10 seconds left.\n|\n|t:|1776631696\n|switch|p1b: Calyrex|Calyrex-Ice, L50|100/100\n|-ability|p1b: Calyrex|As One\n|-ability|p1b: Calyrex|Unnerve\n|move|p2a: Zamazenta|Heavy Slam|p1b: Calyrex\n|-supereffective|p1b: Calyrex\n|-damage|p1b: Calyrex|93/100\n|move|p2b: Indeedee|Psychic|p1b: Calyrex\n|-resisted|p1b: Calyrex\n|-damage|p1b: Calyrex|81/100\n|move|p1a: Incineroar|Knock Off|p2b: Indeedee\n|-supereffective|p2b: Indeedee\n|-damage|p2b: Indeedee|0 fnt\n|faint|p2b: Indeedee\n|\n|-damage|p2a: Zamazenta|86/100 brn|[from] brn\n|upkeep\n|\n|t:|1776631714\n|switch|p2b: Calyrex|Calyrex-Shadow, L50|52/100\n|-ability|p2b: Calyrex|As One\n|-ability|p2b: Calyrex|Unnerve\n|turn|4\n|\n|t:|1776631732\n|switch|p1a: Incineroar|Incineroar, L50, F|100/100\n|switch|p1b: Terapagos|Terapagos, L50, M|100/100\n|-activate|p1b: Terapagos|ability: Tera Shift\n|detailschange|p1b: Terapagos|Terapagos-Terastal, L50, M\n|-heal|p1b: Terapagos|100/100|[silent]\n|move|p2b: Calyrex|Expanding Force|p1a: Incineroar|[spread] p1a,p1b\n|-activate|p1b: Terapagos|ability: Tera Shell\n|-resisted|p1b: Terapagos\n|-damage|p1a: Incineroar|0 fnt\n|-damage|p1b: Terapagos|71/100\n|replace|p1a: Zoroark|Zoroark-Hisui, L50, M\n|-end|p1a: Zoroark|Illusion\n|faint|p1a: Zoroark\n|-ability|p2b: Calyrex|Grim Neigh|boost\n|-boost|p2b: Calyrex|spa|1\n|move|p2a: Zamazenta|Body Press|p1b: Terapagos\n|-supereffective|p1b: Terapagos\n|-damage|p1b: Terapagos|17/100\n|\n|-damage|p2a: Zamazenta|80/100 brn|[from] brn\n|upkeep\n|inactive|Mulaticoxxx has 30 seconds left.\n|-message|Mulaticoxxx forfeited.\n|\n|win|Luca8\n|raw|Mulaticoxxx's rating: 1426 &rarr; <strong>1413</strong><br />(-13 for losing)\n|raw|Luca8's rating: 1544 &rarr; <strong>1557</strong><br />(+13 for winning)\n|l|\u2606Mulaticoxxx\n|player|p1|\n","uploadtime":1776631920,"views":7,"formatid":"gen9vgc2026regi","rating":1413,"private":0,"password":null}