{"id":"gen9vgc2026regi-2566920800","format":"[Gen 9] VGC 2026 Reg I","players":["j0l0k0","elychee267"],"log":"|j|\u2606j0l0k0\n|j|\u2606elychee267\n|html|<table width=\"100%\"><tr><td align=\"left\">j0l0k0</td><td align=\"right\">elychee267</tr><tr><td align=\"left\"><i class=\"fa fa-circle-o\"></i> <i class=\"fa fa-circle-o\"></i> </td><td align=\"right\"><i class=\"fa fa-circle-o\"></i> <i class=\"fa fa-circle-o\"></i> </tr></table>\n|uhtml|bestof|<h2><strong>Game 1</strong> of <a href=\"/game-bestof3-gen9vgc2026regi-2566920799\">a best-of-3</a></h2>\n|t:|1774429931\n|gametype|doubles\n|player|p1|j0l0k0|brycen|\n|player|p2|elychee267|kieran|\n|gen|9\n|tier|[Gen 9] VGC 2026 Reg I\n|rated|Tournament battle\n|rule|Species Clause: Limit one of each Pok\u00e9mon\n|rule|Item Clause: Limit 1 of each item\n|raw|<div class=\"infobox\"><details class=\"readmore\" open><summary><strong>4 custom rules:</strong></summary> Open Team Sheets, Force Open Team Sheets, !Open Team Sheets, Best of = 3</details></div>\n|clearpoke\n|poke|p1|Calyrex-Ice, L50|\n|poke|p1|Kyogre, L50|\n|poke|p1|Indeedee-F, L50, F|\n|poke|p1|Urshifu-*, L50, F|\n|poke|p1|Amoonguss, L50, F|\n|poke|p1|Landorus, L50, M|\n|poke|p2|Lunala, L50|\n|poke|p2|Indeedee-F, L50, F|\n|poke|p2|Incineroar, L50, M|\n|poke|p2|Koraidon, L50|\n|poke|p2|Ursaluna, L50, F|\n|poke|p2|Flutter Mane, L50|\n|teampreview|4\n|showteam|p1|Calyrex-Ice||ClearAmulet|AsOneGlastrier|GlacialLance,Crunch,CloseCombat,TrickRoom||||||50|,,,,,Normal]Kyogre||AssaultVest|Drizzle|WaterSpout,HydroPump,Thunder,IceBeam||||||50|,,,,,Grass]Indeedee-F||SafetyGoggles|PsychicSurge|FollowMe,TrickRoom,HelpingHand,Psychic|||F|||50|,,,,,Water]Urshifu||FocusSash|UnseenFist|WickedBlow,CloseCombat,Protect,PoisonJab|||F|||50|,,,,,Ghost]Amoonguss||RockyHelmet|Regenerator|Spore,RagePowder,EnergyBall,ClearSmog|||F|||50|,,,,,Water]Landorus||LifeOrb|SheerForce|SandsearStorm,EarthPower,SludgeBomb,Protect|||M|||50|,,,,,Steel\n|showteam|p2|Lunala||Leftovers|ShadowShield|MoongeistBeam,ExpandingForce,WideGuard,TrickRoom||||||50|,,,,,Fairy]Indeedee-F||PsychicSeed|PsychicSurge|TrickRoom,HelpingHand,FollowMe,DazzlingGleam|||F|||50|,,,,,Fairy]Incineroar||SafetyGoggles|Intimidate|FakeOut,FlareBlitz,KnockOff,PartingShot|||M|||50|,,,,,Ghost]Koraidon||LifeOrb|OrichalcumPulse|CloseCombat,Protect,FlareBlitz,FlameCharge||||||50|,,,,,Fire]Ursaluna||FlameOrb|Guts|Facade,Earthquake,HeadlongRush,Protect|||F|||50|,,,,,Ghost]Flutter Mane||FocusSash|Protosynthesis|Moonblast,IcyWind,Protect,Taunt||||||50|,,,,,Ghost\n|inactive|Battle timer is ON: inactive players will automatically lose when time's up. (requested by elychee267)\n|inactive|j0l0k0 also wants the timer to be on.\n|j| missouri mott\n|j| asteroidowl4943\n|j| malucy\n|inactive|elychee267 has 60 seconds left.\n|\n|t:|1774429964\n|teamsize|p1|4\n|teamsize|p2|4\n|start\n|switch|p1a: Indeedee|Indeedee-F, L50, F, shiny|100/100\n|switch|p1b: Calyrex|Calyrex-Ice, L50|100/100\n|switch|p2a: Koraidon|Koraidon, L50|100/100\n|switch|p2b: Incineroar|Incineroar, L50, M|100/100\n|-ability|p1b: Calyrex|As One\n|-ability|p1b: Calyrex|Unnerve\n|-weather|SunnyDay|[from] ability: Orichalcum Pulse|[of] p2a: Koraidon\n|-activate|p2a: Koraidon|Orichalcum Pulse|[source]\n|-fieldstart|move: Psychic Terrain|[from] ability: Psychic Surge|[of] p1a: Indeedee\n|-ability|p2b: Incineroar|Intimidate|boost\n|-unboost|p1a: Indeedee|atk|1\n|-fail|p1b: Calyrex|unboost|[from] item: Clear Amulet|[of] p1b: Calyrex\n|turn|1\n|j| Billlmads\n|\n|t:|1774429985\n|switch|p2a: Ursaluna|Ursaluna, L50, F|100/100\n|switch|p2b: Lunala|Lunala, L50|100/100\n|move|p1a: Indeedee|Follow Me|p1a: Indeedee\n|-singleturn|p1a: Indeedee|move: Follow Me\n|move|p1b: Calyrex|Trick Room|p1b: Calyrex\n|-fieldstart|move: Trick Room|[of] p1b: Calyrex\n|\n|-weather|SunnyDay|[upkeep]\n|-status|p2a: Ursaluna|brn|[from] item: Flame Orb\n|upkeep\n|turn|2\n|j| magicalarcher57\n|\n|t:|1774429999\n|move|p2b: Lunala|Wide Guard|p2b: Lunala\n|-singleturn|p2b: Lunala|Wide Guard\n|move|p1b: Calyrex|Close Combat|p2a: Ursaluna\n|-supereffective|p2a: Ursaluna\n|-crit|p2a: Ursaluna\n|-damage|p2a: Ursaluna|0 fnt\n|-unboost|p1b: Calyrex|def|1\n|-unboost|p1b: Calyrex|spd|1\n|faint|p2a: Ursaluna\n|-ability|p1b: Calyrex|Chilling Neigh|boost\n|-boost|p1b: Calyrex|atk|1\n|move|p1a: Indeedee|Psychic|p2b: Lunala\n|-resisted|p2b: Lunala\n|-damage|p2b: Lunala|94/100\n|-unboost|p2b: Lunala|spd|1\n|\n|-weather|SunnyDay|[upkeep]\n|-heal|p2b: Lunala|100/100|[from] item: Leftovers\n|upkeep\n|\n|t:|1774430012\n|switch|p2a: Incineroar|Incineroar, L50, M|100/100\n|-ability|p2a: Incineroar|Intimidate|boost\n|-unboost|p1a: Indeedee|atk|1\n|-fail|p1b: Calyrex|unboost|[from] item: Clear Amulet|[of] p1b: Calyrex\n|turn|3\n|c|\u2606elychee267|i think i lose now\n|\n|t:|1774430026\n|-terastallize|p1b: Calyrex|Normal\n|move|p1a: Indeedee|Helping Hand|p1b: Calyrex\n|-singleturn|p1b: Calyrex|Helping Hand|[of] p1a: Indeedee\n|move|p1b: Calyrex|Close Combat|p2a: Incineroar\n|-supereffective|p2a: Incineroar\n|-damage|p2a: Incineroar|0 fnt\n|-unboost|p1b: Calyrex|def|1\n|-unboost|p1b: Calyrex|spd|1\n|faint|p2a: Incineroar\n|-ability|p1b: Calyrex|Chilling Neigh|boost\n|-boost|p1b: Calyrex|atk|1\n|move|p2b: Lunala|Moongeist Beam|p1b: Calyrex\n|-immune|p1b: Calyrex\n|\n|-weather|SunnyDay|[upkeep]\n|upkeep\n|\n|t:|1774430029\n|switch|p2a: Koraidon|Koraidon, L50|100/100\n|-activate|p2a: Koraidon|ability: Orichalcum Pulse\n|turn|4\n|\n|t:|1774430048\n|-terastallize|p2a: Koraidon|Fire\n|move|p1b: Calyrex|Glacial Lance|p2a: Koraidon|[spread] p2a,p2b\n|-resisted|p2a: Koraidon\n|-damage|p2a: Koraidon|47/100\n|-damage|p2b: Lunala|55/100\n|move|p1a: Indeedee|Psychic|p2a: Koraidon\n|-damage|p2a: Koraidon|10/100\n|move|p2b: Lunala|Expanding Force|p1a: Indeedee|[spread] p1a,p1b\n|-resisted|p1a: Indeedee\n|-damage|p1a: Indeedee|74/100\n|-damage|p1b: Calyrex|16/100\n|move|p2a: Koraidon|Flame Charge|p1b: Calyrex\n|-damage|p1b: Calyrex|0 fnt\n|-boost|p2a: Koraidon|spe|1\n|faint|p1b: Calyrex\n|-damage|p2a: Koraidon|0 fnt|[from] item: Life Orb\n|faint|p2a: Koraidon\n|\n|-weather|SunnyDay|[upkeep]\n|-heal|p2b: Lunala|61/100|[from] item: Leftovers\n|upkeep\n|j| P terry's\n|\n|t:|1774430060\n|switch|p1b: Urshifu|Urshifu, L50, F|100/100\n|turn|5\n|c|\u2606elychee267|gg\n|\n|t:|1774430067\n|move|p1a: Indeedee|Follow Me|p1a: Indeedee\n|-singleturn|p1a: Indeedee|move: Follow Me\n|move|p2b: Lunala|Moongeist Beam|p1a: Indeedee\n|-immune|p1a: Indeedee\n|move|p1b: Urshifu|Wicked Blow|p2b: Lunala\n|-supereffective|p2b: Lunala\n|-crit|p2b: Lunala\n|-damage|p2b: Lunala|0 fnt\n|faint|p2b: Lunala\n|\n|win|j0l0k0\n||elychee267 is ready for game 2.\n|l|\u2606j0l0k0\n|player|p1|\n|inactive|j0l0k0 has 30 seconds to confirm battle start!\n|l| asteroidowl4943\n||j0l0k0 is ready for game 2.\n|uhtml|next|Next: <a href=\"/battle-gen9vgc2026regi-2566921878\"><strong>Game 2 of 3</strong></a>\n|l| P terry's\n|l| Billlmads\n|l| magicalarcher57\n|j| aurora ltd\n|l| missouri mott\n","uploadtime":1774430327,"views":22,"formatid":"gen9vgc2026regi","rating":null,"private":0,"password":null}