{"id":"gen9vgc2026regi-2520675787","format":"[Gen 9] VGC 2026 Reg I","players":["liam.2025","j0l0k0"],"log":"|j|\u2606liam.2025\n|j|\u2606j0l0k0\n|t:|1768670048\n|gametype|doubles\n|player|p1|liam.2025|policeman|1464\n|player|p2|j0l0k0|brycen|1411\n|gen|9\n|tier|[Gen 9] VGC 2026 Reg I\n|rated|\n|rule|Species Clause: Limit one of each Pok\u00e9mon\n|rule|Item Clause: Limit 1 of each item\n|clearpoke\n|poke|p1|Murkrow, L50, F|\n|poke|p1|Weezing-Galar, L50, F|\n|poke|p1|Terapagos, L50, M|\n|poke|p1|Smeargle, L50, M|\n|poke|p1|Calyrex-Ice, L50|\n|poke|p1|Ursaluna, L50, M|\n|poke|p2|Calyrex-Ice, L50|\n|poke|p2|Kyogre, L50|\n|poke|p2|Indeedee-F, L50, F|\n|poke|p2|Urshifu-*, L50, F|\n|poke|p2|Amoonguss, L50, F|\n|poke|p2|Landorus, L50, M|\n|teampreview|4\n|inactive|Battle timer is ON: inactive players will automatically lose when time's up. (requested by j0l0k0)\n|inactive|j0l0k0 has 60 seconds left.\n|\n|t:|1768670081\n|teamsize|p1|4\n|teamsize|p2|4\n|start\n|switch|p1a: Murkrow|Murkrow, L50, F|100/100\n|switch|p1b: Calyrex|Calyrex-Ice, L50|100/100\n|switch|p2a: Kyogre|Kyogre, L50, shiny|100/100\n|switch|p2b: Indeedee|Indeedee-F, L50, F, shiny|100/100\n|-ability|p1b: Calyrex|As One\n|-ability|p1b: Calyrex|Unnerve\n|-fieldstart|move: Psychic Terrain|[from] ability: Psychic Surge|[of] p2b: Indeedee\n|-weather|RainDance|[from] ability: Drizzle|[of] p2a: Kyogre\n|turn|1\n|inactive|liam.2025 has 30 seconds left.\n|inactive|liam.2025 has 20 seconds left.\n|inactive|liam.2025 has 15 seconds left.\n|\n|t:|1768670124\n|-terastallize|p1b: Calyrex|Water\n|move|p1a: Murkrow|Tailwind|p1a: Murkrow\n|-sidestart|p1: liam.2025|move: Tailwind\n|move|p1b: Calyrex|Glacial Lance|p2a: Kyogre|[spread] p2a,p2b\n|-resisted|p2a: Kyogre\n|-damage|p2a: Kyogre|77/100\n|-damage|p2b: Indeedee|51/100\n|move|p2a: Kyogre|Water Spout|p1b: Calyrex|[spread] p1a,p1b\n|-resisted|p1b: Calyrex\n|-damage|p1a: Murkrow|0 fnt\n|-damage|p1b: Calyrex|73/100\n|faint|p1a: Murkrow\n|move|p2b: Indeedee|Trick Room|p2b: Indeedee\n|-fieldstart|move: Trick Room|[of] p2b: Indeedee\n|\n|-weather|RainDance|[upkeep]\n|upkeep\n|\n|t:|1768670137\n|switch|p1a: Smeargle|Smeargle, L50, M|100/100\n|turn|2\n|\n|t:|1768670144\n|move|p2b: Indeedee|Follow Me|p2b: Indeedee\n|-singleturn|p2b: Indeedee|move: Follow Me\n|move|p2a: Kyogre|Thunder|p1b: Calyrex\n|-supereffective|p1b: Calyrex\n|-damage|p1b: Calyrex|11/100\n|move|p1a: Smeargle|Decorate|p2b: Indeedee\n|-boost|p2b: Indeedee|atk|2\n|-boost|p2b: Indeedee|spa|2\n|move|p1b: Calyrex|Trick Room|p1b: Calyrex\n|-fieldend|move: Trick Room\n|\n|-weather|RainDance|[upkeep]\n|upkeep\n|turn|3\n|\n|t:|1768670162\n|move|p1a: Smeargle|Follow Me|p1a: Smeargle\n|-singleturn|p1a: Smeargle|move: Follow Me\n|move|p2b: Indeedee|Follow Me|p2b: Indeedee\n|-singleturn|p2b: Indeedee|move: Follow Me\n|move|p1b: Calyrex|Glacial Lance|p2a: Kyogre|[spread] p2a,p2b\n|-resisted|p2a: Kyogre\n|-damage|p2a: Kyogre|57/100\n|-damage|p2b: Indeedee|0 fnt\n|faint|p2b: Indeedee\n|-ability|p1b: Calyrex|Chilling Neigh|boost\n|-boost|p1b: Calyrex|atk|1\n|move|p2a: Kyogre|Water Spout|p1b: Calyrex|[spread] p1a,p1b\n|-resisted|p1b: Calyrex\n|-enditem|p1a: Smeargle|Focus Sash\n|-damage|p1a: Smeargle|1/100\n|-damage|p1b: Calyrex|0 fnt\n|faint|p1b: Calyrex\n|\n|-weather|RainDance|[upkeep]\n|upkeep\n|-message|liam.2025 forfeited.\n|\n|win|j0l0k0\n|raw|liam.2025's rating: 1464 &rarr; <strong>1441</strong><br />(-23 for losing)\n|raw|j0l0k0's rating: 1411 &rarr; <strong>1434</strong><br />(+23 for winning)\n|l|\u2606liam.2025\n|player|p1|\n|l|\u2606j0l0k0\n|player|p2|\n","uploadtime":1768670435,"views":22,"formatid":"gen9vgc2026regi","rating":1434,"private":0,"password":null}