{"id":"gen9vgc2026regi-2555857510","format":"[Gen 9] VGC 2026 Reg I","players":["Tritonfrostbane","Freecko99"],"log":"|j|\u2606Tritonfrostbane\n|j|\u2606Freecko99\n|t:|1773145725\n|gametype|doubles\n|player|p1|Tritonfrostbane|1|1337\n|player|p2|Freecko99|ethan|1268\n|gen|9\n|tier|[Gen 9] VGC 2026 Reg I\n|rated|\n|rule|Species Clause: Limit one of each Pok\u00e9mon\n|rule|Item Clause: Limit 1 of each item\n|clearpoke\n|poke|p1|Calyrex-Ice, L50|\n|poke|p1|Indeedee-F, L50, F|\n|poke|p1|Lunala, L50|\n|poke|p1|Torkoal, L50, F|\n|poke|p1|Smeargle, L50, M|\n|poke|p1|Urshifu-*, L50, M|\n|poke|p2|Miraidon, L50|\n|poke|p2|Whimsicott, L50, M|\n|poke|p2|Ogerpon-Cornerstone, L50, F|\n|poke|p2|Farigiraf, L50, F|\n|poke|p2|Iron Hands, L50|\n|poke|p2|Ho-Oh, L50|\n|teampreview|4\n|inactive|Battle timer is ON: inactive players will automatically lose when time's up. (requested by Freecko99)\n|\n|t:|1773145753\n|teamsize|p1|4\n|teamsize|p2|4\n|start\n|switch|p1a: Smeargle|Smeargle, L50, M|100/100\n|switch|p1b: Calyrex|Calyrex-Ice, L50|100/100\n|switch|p2a: Ogerpon|Ogerpon-Cornerstone, L50, F|100/100\n|switch|p2b: Ho-Oh|Ho-Oh, L50|100/100\n|-ability|p1b: Calyrex|As One\n|-ability|p1b: Calyrex|Unnerve\n|turn|1\n|inactive|Freecko99 has 30 seconds left.\n|inactive|Freecko99 has 20 seconds left.\n|\n|t:|1773145790\n|move|p1b: Calyrex|Protect|p1b: Calyrex\n|-singleturn|p1b: Calyrex|Protect\n|move|p2a: Ogerpon|Ivy Cudgel|p1a: Smeargle|[anim] Ivy Cudgel Rock\n|-enditem|p1a: Smeargle|Focus Sash\n|-damage|p1a: Smeargle|1/100\n|move|p1a: Smeargle|Decorate|p1b: Calyrex\n|-boost|p1b: Calyrex|atk|2\n|-boost|p1b: Calyrex|spa|2\n|move|p2b: Ho-Oh|Sacred Fire|p1a: Smeargle\n|-damage|p1a: Smeargle|0 fnt\n|faint|p1a: Smeargle\n|\n|upkeep\n|\n|t:|1773145805\n|switch|p1a: Urshifu|Urshifu, L50, M|100/100\n|turn|2\n|\n|t:|1773145818\n|-terastallize|p1b: Calyrex|Fire\n|move|p1a: Urshifu|Sucker Punch|p2a: Ogerpon\n|-damage|p2a: Ogerpon|34/100\n|move|p2a: Ogerpon|Ivy Cudgel|p1b: Calyrex|[anim] Ivy Cudgel Rock\n|-supereffective|p1b: Calyrex\n|-damage|p1b: Calyrex|18/100\n|move|p2b: Ho-Oh|Sacred Fire|p1b: Calyrex\n|-resisted|p1b: Calyrex\n|-crit|p1b: Calyrex\n|-damage|p1b: Calyrex|0 fnt\n|faint|p1b: Calyrex\n|\n|upkeep\n|\n|t:|1773145832\n|switch|p1b: Torkoal|Torkoal, L50, F|100/100\n|-weather|SunnyDay|[from] ability: Drought|[of] p1b: Torkoal\n|turn|3\n|\n|t:|1773145853\n|move|p2a: Ogerpon|Follow Me|p2a: Ogerpon\n|-singleturn|p2a: Ogerpon|move: Follow Me\n|move|p1a: Urshifu|Sucker Punch||[still]\n|-fail|p1a: Urshifu\n|move|p2b: Ho-Oh|Brave Bird|p1a: Urshifu\n|-supereffective|p1a: Urshifu\n|-damage|p1a: Urshifu|0 fnt\n|faint|p1a: Urshifu\n|-damage|p2b: Ho-Oh|69/100|[from] Recoil\n|move|p1b: Torkoal|Heat Wave|p2a: Ogerpon|[spread] p2a,p2b\n|-resisted|p2b: Ho-Oh\n|-damage|p2a: Ogerpon|0 fnt\n|-damage|p2b: Ho-Oh|50/100\n|faint|p2a: Ogerpon\n|\n|-weather|SunnyDay|[upkeep]\n|upkeep\n|\n|t:|1773145867\n|switch|p2a: Miraidon|Miraidon, L50|100/100\n|-fieldstart|move: Electric Terrain|[from] ability: Hadron Engine|[of] p2a: Miraidon\n|turn|4\n|-message|Tritonfrostbane forfeited.\n|\n|win|Freecko99\n|raw|Tritonfrostbane's rating: 1337 &rarr; <strong>1313</strong><br />(-24 for losing)\n|raw|Freecko99's rating: 1268 &rarr; <strong>1298</strong><br />(+30 for winning)\n|l|\u2606Tritonfrostbane\n|player|p1|\n|l|\u2606Freecko99\n|player|p2|\n","uploadtime":1773146058,"views":17,"formatid":"gen9vgc2026regi","rating":1298,"private":0,"password":null}