{"id":"gen9vgc2026regi-2561264214","format":"[Gen 9] VGC 2026 Reg I","players":["TerryTEST","testhan92"],"log":"|j|\u2606TerryTEST\n|j|\u2606testhan92\n|t:|1773778527\n|gametype|doubles\n|player|p1|TerryTEST|blue|1333\n|player|p2|testhan92|265|1321\n|gen|9\n|tier|[Gen 9] VGC 2026 Reg I\n|rated|\n|rule|Species Clause: Limit one of each Pok\u00e9mon\n|rule|Item Clause: Limit 1 of each item\n|clearpoke\n|poke|p1|Calyrex-Ice, L50|\n|poke|p1|Terapagos, L50, M|\n|poke|p1|Sinistcha-Masterpiece, L50|\n|poke|p1|Incineroar, L50, F|\n|poke|p1|Iron Hands, L50|\n|poke|p1|Swampert, L50, F|\n|poke|p2|Calyrex-Shadow, L50|\n|poke|p2|Koraidon, L50|\n|poke|p2|Ogerpon-Hearthflame, L50, F|\n|poke|p2|Raging Bolt, L50|\n|poke|p2|Rillaboom, L50, F|\n|poke|p2|Incineroar, L50, F|\n|teampreview|4\n|inactive|Battle timer is ON: inactive players will automatically lose when time's up. (requested by TerryTEST)\n|\n|t:|1773778615\n|teamsize|p1|4\n|teamsize|p2|4\n|start\n|switch|p1a: Calyrex|Calyrex-Ice, L50|100/100\n|switch|p1b: Incineroar|Incineroar, L50, F|100/100\n|switch|p2a: Calyrex|Calyrex-Shadow, L50|100/100\n|switch|p2b: Incineroar|Incineroar, L50, F|100/100\n|-ability|p2a: Calyrex|As One\n|-ability|p2a: Calyrex|Unnerve\n|-ability|p1a: Calyrex|As One\n|-ability|p1a: Calyrex|Unnerve\n|-ability|p1b: Incineroar|Intimidate|boost\n|-unboost|p2a: Calyrex|atk|1\n|-unboost|p2b: Incineroar|atk|1\n|-ability|p2b: Incineroar|Intimidate|boost\n|-fail|p1a: Calyrex|unboost|[from] item: Clear Amulet|[of] p1a: Calyrex\n|-unboost|p1b: Incineroar|atk|1\n|turn|1\n|\n|t:|1773778634\n|switch|p1a: Terapagos|Terapagos, L50, M|100/100\n|-activate|p1a: Terapagos|ability: Tera Shift\n|detailschange|p1a: Terapagos|Terapagos-Terastal, L50, M\n|-heal|p1a: Terapagos|100/100|[silent]\n|move|p2b: Incineroar|Fake Out|p1b: Incineroar\n|-damage|p1b: Incineroar|94/100\n|move|p2a: Calyrex|Nasty Plot|p2a: Calyrex\n|-boost|p2a: Calyrex|spa|2\n|cant|p1b: Incineroar|flinch\n|\n|upkeep\n|turn|2\n|inactive|TerryTEST has 30 seconds left.\n|\n|t:|1773778661\n|move|p2a: Calyrex|Protect|p2a: Calyrex\n|-singleturn|p2a: Calyrex|Protect\n|move|p1a: Terapagos|Calm Mind|p1a: Terapagos\n|-boost|p1a: Terapagos|spa|1\n|-boost|p1a: Terapagos|spd|1\n|move|p1b: Incineroar|Parting Shot|p2a: Calyrex\n|-activate|p2a: Calyrex|move: Protect\n|move|p2b: Incineroar|Parting Shot|p1a: Terapagos\n|-unboost|p1a: Terapagos|atk|1\n|-unboost|p1a: Terapagos|spa|1\n|\n|t:|1773778673\n|switch|p2b: Koraidon|Koraidon, L50|100/100|[from] Parting Shot\n|-weather|SunnyDay|[from] ability: Orichalcum Pulse|[of] p2b: Koraidon\n|-activate|p2b: Koraidon|Orichalcum Pulse|[source]\n|\n|-weather|SunnyDay|[upkeep]\n|upkeep\n|turn|3\n|inactive|TerryTEST has 30 seconds left.\n|\n|t:|1773778704\n|switch|p1b: Swampert|Swampert, L50, F|100/100\n|move|p2a: Calyrex|Psychic|p1a: Terapagos\n|-activate|p1a: Terapagos|ability: Tera Shell\n|-resisted|p1a: Terapagos\n|-damage|p1a: Terapagos|72/100\n|move|p2b: Koraidon|Collision Course|p1b: Swampert\n|-damage|p1b: Swampert|29/100\n|move|p1a: Terapagos|Hyper Beam|p2b: Koraidon\n|-damage|p2b: Koraidon|34/100\n|-mustrecharge|p1a: Terapagos\n|\n|-weather|SunnyDay|[upkeep]\n|-heal|p1a: Terapagos|78/100|[from] item: Leftovers\n|upkeep\n|turn|4\n|\n|t:|1773778720\n|move|p2a: Calyrex|Astral Barrage|p1b: Swampert|[spread] p1b\n|-immune|p1a: Terapagos\n|-damage|p1b: Swampert|0 fnt\n|faint|p1b: Swampert\n|-ability|p2a: Calyrex|Grim Neigh|boost\n|-boost|p2a: Calyrex|spa|1\n|move|p2b: Koraidon|Collision Course|p1a: Terapagos\n|-supereffective|p1a: Terapagos\n|-damage|p1a: Terapagos|0 fnt\n|faint|p1a: Terapagos\n|\n|-weather|SunnyDay|[upkeep]\n|upkeep\n|-message|TerryTEST forfeited.\n|\n|win|testhan92\n|raw|TerryTEST's rating: 1333 &rarr; <strong>1312</strong><br />(-21 for losing)\n|raw|testhan92's rating: 1321 &rarr; <strong>1342</strong><br />(+21 for winning)\n","uploadtime":1773778725,"views":10,"formatid":"gen9vgc2026regi","rating":1312,"private":0,"password":null}