{"id":"gen9vgc2026regi-2524520478","format":"[Gen 9] VGC 2026 Reg I","players":["inb_178","zebraschinge"],"log":"|j|\u2606inb_178\n|j|\u2606zebraschinge\n|t:|1769162581\n|gametype|doubles\n|player|p1|inb_178|2|1328\n|player|p2|zebraschinge|266|1368\n|gen|9\n|tier|[Gen 9] VGC 2026 Reg I\n|rated|\n|rule|Species Clause: Limit one of each Pok\u00e9mon\n|rule|Item Clause: Limit 1 of each item\n|clearpoke\n|poke|p1|Miraidon, L50|\n|poke|p1|Lunala, L50|\n|poke|p1|Iron Bundle, L50|\n|poke|p1|Ursaluna, L50, M|\n|poke|p1|Incineroar, L50, F|\n|poke|p1|Landorus, L50, M|\n|poke|p2|Miraidon, L50|\n|poke|p2|Grimmsnarl, L50, M|\n|poke|p2|Calyrex-Ice, L50|\n|poke|p2|Farigiraf, L50, F|\n|poke|p2|Tornadus, L50, M|\n|poke|p2|Diglett, L50, M|\n|teampreview|4\n|inactive|Battle timer is ON: inactive players will automatically lose when time's up. (requested by zebraschinge)\n|inactive|inb_178 has 60 seconds left.\n|\n|t:|1769162613\n|teamsize|p1|4\n|teamsize|p2|4\n|start\n|switch|p1a: Landorus|Landorus, L50, M|100/100\n|switch|p1b: Incineroar|Incineroar, L50, F|100/100\n|switch|p2a: Digda|Diglett, L50, M|100/100\n|switch|p2b: Farigiraf|Farigiraf, L50, F|100/100\n|-ability|p1b: Incineroar|Intimidate|boost\n|-unboost|p2a: Digda|atk|1\n|-unboost|p2b: Farigiraf|atk|1\n|turn|1\n|j| riyuezi\n|inactive|zebraschinge has 30 seconds left.\n|inactive|zebraschinge has 20 seconds left.\n|\n|t:|1769162648\n|move|p1a: Landorus|Taunt|p2b: Farigiraf\n|-start|p2b: Farigiraf|move: Taunt\n|move|p2a: Digda|Endeavor|p1b: Incineroar\n|-damage|p1b: Incineroar|35/100\n|move|p1b: Incineroar|Knock Off|p2a: Digda\n|-enditem|p2a: Digda|Focus Sash\n|-damage|p2a: Digda|2/100\n|move|p2b: Farigiraf|Tera Blast|p1b: Incineroar\n|-damage|p1b: Incineroar|3/100\n|-enditem|p1b: Incineroar|Figy Berry|[eat]\n|-heal|p1b: Incineroar|37/100|[from] item: Figy Berry\n|\n|upkeep\n|turn|2\n|inactive|zebraschinge has 30 seconds left.\n|inactive|zebraschinge has 20 seconds left.\n|\n|t:|1769162683\n|move|p1a: Landorus|Earth Power|p2a: Digda\n|-damage|p2a: Digda|0 fnt\n|faint|p2a: Digda\n|move|p1b: Incineroar|Knock Off|p2b: Farigiraf\n|-supereffective|p2b: Farigiraf\n|-damage|p2b: Farigiraf|37/100\n|-enditem|p2b: Farigiraf|Sitrus Berry|[from] move: Knock Off|[of] p1b: Incineroar\n|move|p2b: Farigiraf|Tera Blast|p1b: Incineroar\n|-damage|p1b: Incineroar|4/100\n|\n|upkeep\n|\n|t:|1769162699\n|switch|p2a: High Horsepow miss|Calyrex-Ice, L50|100/100\n|-ability|p2a: High Horsepow miss|As One\n|-ability|p2a: High Horsepow miss|Unnerve\n|turn|3\n|l| riyuezi\n|inactive|zebraschinge has 30 seconds left.\n|\n|t:|1769162730\n|-terastallize|p1a: Landorus|Ground\n|move|p1a: Landorus|Earth Power|p2a: High Horsepow miss\n|-damage|p2a: High Horsepow miss|46/100\n|move|p1b: Incineroar|Knock Off|p2a: High Horsepow miss\n|-supereffective|p2a: High Horsepow miss\n|-damage|p2a: High Horsepow miss|0 fnt\n|-enditem|p2a: High Horsepow miss|Clear Amulet|[from] move: Knock Off|[of] p1b: Incineroar\n|faint|p2a: High Horsepow miss\n|move|p2b: Farigiraf|Psychic|p1a: Landorus\n|-damage|p1a: Landorus|51/100\n|\n|-end|p2b: Farigiraf|move: Taunt\n|upkeep\n|\n|t:|1769162743\n|switch|p2a: Miraidon|Miraidon, L50|100/100\n|-fieldstart|move: Electric Terrain|[from] ability: Hadron Engine|[of] p2a: Miraidon\n|turn|4\n|\n|t:|1769162755\n|-terastallize|p2a: Miraidon|Water\n|move|p1a: Landorus|Earth Power|p2b: Farigiraf\n|-damage|p2b: Farigiraf|0 fnt\n|faint|p2b: Farigiraf\n|move|p2a: Miraidon|Dragon Pulse|p1a: Landorus\n|-damage|p1a: Landorus|0 fnt\n|faint|p1a: Landorus\n|-damage|p2a: Miraidon|91/100|[from] item: Life Orb\n|move|p1b: Incineroar|Knock Off|p2a: Miraidon\n|-damage|p2a: Miraidon|57/100\n|-enditem|p2a: Miraidon|Life Orb|[from] move: Knock Off|[of] p1b: Incineroar\n|\n|upkeep\n|-message|zebraschinge forfeited.\n|\n|win|inb_178\n|raw|inb_178's rating: 1328 &rarr; <strong>1350</strong><br />(+22 for winning)\n|raw|zebraschinge's rating: 1368 &rarr; <strong>1346</strong><br />(-22 for losing)\n|l|\u2606zebraschinge\n|player|p2|\n|l|\u2606inb_178\n|player|p1|\n","uploadtime":1769162926,"views":13,"formatid":"gen9vgc2026regi","rating":1346,"private":0,"password":null}