{"id":"gen9vgc2026regi-2573109746","format":"[Gen 9] VGC 2026 Reg I","players":["Maphoo","Cheirapica"],"log":"|j|\u2606Maphoo\n|j|\u2606Cheirapica\n|t:|1775091666\n|gametype|doubles\n|player|p1|Maphoo|101|1416\n|player|p2|Cheirapica|102|1346\n|gen|9\n|tier|[Gen 9] VGC 2026 Reg I\n|rated|\n|rule|Species Clause: Limit one of each Pok\u00e9mon\n|rule|Item Clause: Limit 1 of each item\n|clearpoke\n|poke|p1|Lunala, L50|\n|poke|p1|Indeedee-F, L50, F|\n|poke|p1|Roaring Moon, L50|\n|poke|p1|Kyogre, L50|\n|poke|p1|Ursaluna, L50, M|\n|poke|p1|Ogerpon, L50, F|\n|poke|p2|Calyrex-Shadow, L50|\n|poke|p2|Kyogre, L50|\n|poke|p2|Amoonguss, L50, M|\n|poke|p2|Rillaboom, L50, F|\n|poke|p2|Indeedee-F, L50, F|\n|poke|p2|Urshifu-*, L50, F|\n|teampreview|4\n|inactive|Battle timer is ON: inactive players will automatically lose when time's up. (requested by Cheirapica)\n|inactive|Cheirapica has 60 seconds left.\n|\n|t:|1775091719\n|teamsize|p1|4\n|teamsize|p2|4\n|start\n|switch|p1a: Roaring Moon|Roaring Moon, L50, shiny|100/100\n|switch|p1b: Ogerpon|Ogerpon, L50, F|100/100\n|switch|p2a: Kyogre|Kyogre, L50|100/100\n|switch|p2b: Indeedee|Indeedee-F, L50, F|100/100\n|-weather|RainDance|[from] ability: Drizzle|[of] p2a: Kyogre\n|-fieldstart|move: Psychic Terrain|[from] ability: Psychic Surge|[of] p2b: Indeedee\n|-enditem|p1a: Roaring Moon|Booster Energy\n|-activate|p1a: Roaring Moon|ability: Protosynthesis|[fromitem]\n|-start|p1a: Roaring Moon|protosynthesisspe\n|turn|1\n|\n|t:|1775091737\n|-terastallize|p2b: Indeedee|Dark\n|move|p2a: Kyogre|Protect|p2a: Kyogre\n|-singleturn|p2a: Kyogre|Protect\n|move|p1a: Roaring Moon|Tailwind|p1a: Roaring Moon\n|-sidestart|p1: Maphoo|move: Tailwind\n|move|p1b: Ogerpon|Taunt|p2b: Indeedee\n|-start|p2b: Indeedee|move: Taunt\n|cant|p2b: Indeedee|move: Taunt|Trick Room\n|\n|-weather|RainDance|[upkeep]\n|upkeep\n|turn|2\n|inactive|Cheirapica has 30 seconds left.\n|\n|t:|1775091769\n|switch|p2a: Rillaboom|Rillaboom, L50, F|100/100\n|-fieldstart|move: Grassy Terrain|[from] ability: Grassy Surge|[of] p2a: Rillaboom\n|-terastallize|p1a: Roaring Moon|Flying\n|move|p1a: Roaring Moon|Acrobatics|p2a: Rillaboom\n|-supereffective|p2a: Rillaboom\n|-damage|p2a: Rillaboom|0 fnt\n|faint|p2a: Rillaboom\n|move|p1b: Ogerpon|Ivy Cudgel|p2b: Indeedee\n|-damage|p2b: Indeedee|0 fnt\n|faint|p2b: Indeedee\n|\n|-weather|RainDance|[upkeep]\n|upkeep\n|\n|t:|1775091782\n|switch|p2a: Kyogre|Kyogre, L50|100/100\n|switch|p2b: Calyrex|Calyrex-Shadow, L50|100/100\n|-ability|p2b: Calyrex|As One\n|-ability|p2b: Calyrex|Unnerve\n|turn|3\n|\n|t:|1775091804\n|move|p2a: Kyogre|Protect|p2a: Kyogre\n|-singleturn|p2a: Kyogre|Protect\n|move|p1a: Roaring Moon|Knock Off|p2b: Calyrex\n|-supereffective|p2b: Calyrex\n|-enditem|p2b: Calyrex|Focus Sash\n|-damage|p2b: Calyrex|1/100\n|move|p1b: Ogerpon|Ivy Cudgel|p2a: Kyogre\n|-activate|p2a: Kyogre|move: Protect\n|move|p2b: Calyrex|Nasty Plot|p2b: Calyrex\n|-boost|p2b: Calyrex|spa|2\n|\n|-weather|RainDance|[upkeep]\n|-heal|p2b: Calyrex|7/100|[from] Grassy Terrain\n|upkeep\n|turn|4\n|\n|t:|1775091821\n|move|p1a: Roaring Moon|Knock Off|p2b: Calyrex\n|-supereffective|p2b: Calyrex\n|-damage|p2b: Calyrex|0 fnt\n|faint|p2b: Calyrex\n|move|p1b: Ogerpon|Ivy Cudgel|p2a: Kyogre\n|-supereffective|p2a: Kyogre\n|-crit|p2a: Kyogre\n|-damage|p2a: Kyogre|0 fnt\n|faint|p2a: Kyogre\n|\n|win|Maphoo\n|raw|Maphoo's rating: 1416 &rarr; <strong>1432</strong><br />(+16 for winning)\n|raw|Cheirapica's rating: 1346 &rarr; <strong>1330</strong><br />(-16 for losing)\n|l|\u2606Cheirapica\n|player|p2|\n|l|\u2606Maphoo\n|player|p1|\n","uploadtime":1775092026,"views":10,"formatid":"gen9vgc2026regi","rating":1330,"private":0,"password":null}