{"id":"gen9vgc2026regi-2519370392","format":"[Gen 9] VGC 2026 Reg I","players":["kojimuranishi","Pacek_Panama"],"log":"|j|\u2606kojimuranishi\n|j|\u2606Pacek_Panama\n|t:|1768499950\n|gametype|doubles\n|player|p1|kojimuranishi|265|1443\n|player|p2|Pacek_Panama|170|1403\n|gen|9\n|tier|[Gen 9] VGC 2026 Reg I\n|rated|\n|rule|Species Clause: Limit one of each Pok\u00e9mon\n|rule|Item Clause: Limit 1 of each item\n|clearpoke\n|poke|p1|Zamazenta-*, L50|\n|poke|p1|Lunala, L50|\n|poke|p1|Chien-Pao, L50|\n|poke|p1|Dragonite, L50, M|\n|poke|p1|Chi-Yu, L50|\n|poke|p1|Urshifu-*, L50, M|\n|poke|p2|Calyrex-Ice, L50|\n|poke|p2|Rillaboom, L50, M|\n|poke|p2|Incineroar, L50, F|\n|poke|p2|Amoonguss, L50, M|\n|poke|p2|Palkia, L50|\n|poke|p2|Flutter Mane, L50|\n|teampreview|4\n|inactive|Battle timer is ON: inactive players will automatically lose when time's up. (requested by kojimuranishi)\n|\n|t:|1768499983\n|teamsize|p1|4\n|teamsize|p2|4\n|start\n|switch|p1a: Zamazenta|Zamazenta-Crowned, L50|100/100\n|switch|p1b: Lunala|Lunala, L50|100/100\n|switch|p2a: Palkia|Palkia, L50|100/100\n|switch|p2b: Amoonguss|Amoonguss, L50, M|100/100\n|-ability|p1a: Zamazenta|Dauntless Shield|boost\n|-boost|p1a: Zamazenta|def|1\n|-ability|p2a: Palkia|Pressure\n|turn|1\n|inactive|Pacek_Panama has 30 seconds left.\n|inactive|kojimuranishi has 30 seconds left.\n|\n|t:|1768500017\n|move|p1a: Zamazenta|Body Press|p2a: Palkia\n|-damage|p2a: Palkia|46/100\n|move|p1b: Lunala|Meteor Beam||[still]\n|-prepare|p1b: Lunala|Meteor Beam\n|-boost|p1b: Lunala|spa|1\n|-enditem|p1b: Lunala|Power Herb\n|-anim|p1b: Lunala|Meteor Beam|p2a: Palkia\n|-damage|p2a: Palkia|2/100\n|move|p2b: Amoonguss|Spore|p1b: Lunala\n|-status|p1b: Lunala|slp|[from] move: Spore\n|move|p2a: Palkia|Trick Room|p2a: Palkia\n|-fieldstart|move: Trick Room|[of] p2a: Palkia\n|\n|upkeep\n|turn|2\n|\n|t:|1768500046\n|move|p2b: Amoonguss|Spore|p1a: Zamazenta\n|-status|p1a: Zamazenta|slp|[from] move: Spore\n|move|p2a: Palkia|Spacial Rend|p1b: Lunala\n|-crit|p1b: Lunala\n|-damage|p1b: Lunala|67/100 slp\n|cant|p1a: Zamazenta|slp\n|cant|p1b: Lunala|slp\n|\n|upkeep\n|turn|3\n|\n|t:|1768500061\n|switch|p2b: Calyrex|Calyrex-Ice, L50|100/100\n|-ability|p2b: Calyrex|As One\n|-ability|p2b: Calyrex|Unnerve\n|move|p2a: Palkia|Flamethrower|p1a: Zamazenta\n|-supereffective|p1a: Zamazenta\n|-damage|p1a: Zamazenta|61/100 slp\n|-curestatus|p1a: Zamazenta|slp|[msg]\n|move|p1a: Zamazenta|Behemoth Bash|p2b: Calyrex\n|-supereffective|p2b: Calyrex\n|-damage|p2b: Calyrex|53/100\n|cant|p1b: Lunala|slp\n|\n|upkeep\n|turn|4\n|inactive|kojimuranishi has 30 seconds left.\n|inactive|kojimuranishi has 20 seconds left.\n|inactive|Pacek_Panama has 30 seconds left.\n|\n|t:|1768500097\n|-terastallize|p2b: Calyrex|Fire\n|-terastallize|p1a: Zamazenta|Water\n|move|p2b: Calyrex|High Horsepower|p1a: Zamazenta\n|-damage|p1a: Zamazenta|45/100\n|-curestatus|p1b: Lunala|slp|[msg]\n|move|p1b: Lunala|Moongeist Beam|p2b: Calyrex\n|-damage|p2b: Calyrex|0 fnt\n|faint|p2b: Calyrex\n|move|p2a: Palkia|Flamethrower|p1a: Zamazenta\n|-resisted|p1a: Zamazenta\n|-damage|p1a: Zamazenta|35/100\n|move|p1a: Zamazenta|Behemoth Bash|p2a: Palkia\n|-resisted|p2a: Palkia\n|-crit|p2a: Palkia\n|-damage|p2a: Palkia|0 fnt\n|faint|p2a: Palkia\n|\n|upkeep\n|-message|Pacek_Panama forfeited.\n|\n|win|kojimuranishi\n|raw|kojimuranishi's rating: 1443 &rarr; <strong>1461</strong><br />(+18 for winning)\n|raw|Pacek_Panama's rating: 1403 &rarr; <strong>1385</strong><br />(-18 for losing)\n|l|\u2606Pacek_Panama\n|player|p2|\n|l|\u2606kojimuranishi\n|player|p1|\n","uploadtime":1768500299,"views":28,"formatid":"gen9vgc2026regi","rating":1385,"private":0,"password":null}