{"id":"gen9vgc2026regi-2522332173","format":"[Gen 9] VGC 2026 Reg I","players":["sfghfdsfgg","inb_178"],"log":"|j|\u2606sfghfdsfgg\n|j|\u2606inb_178\n|t:|1768889017\n|gametype|doubles\n|player|p1|sfghfdsfgg|unknown|1096\n|player|p2|inb_178|101|1160\n|gen|9\n|tier|[Gen 9] VGC 2026 Reg I\n|rated|\n|rule|Species Clause: Limit one of each Pok\u00e9mon\n|rule|Item Clause: Limit 1 of each item\n|clearpoke\n|poke|p1|Smeargle, L50, M|\n|poke|p1|Sableye, L50, M|\n|poke|p1|Rayquaza, L50|\n|poke|p1|Incineroar, L50, F|\n|poke|p1|Iron Valiant, L50|\n|poke|p1|Miraidon, L50|\n|poke|p2|Miraidon, L50|\n|poke|p2|Lunala, L50|\n|poke|p2|Ursaluna-Bloodmoon, L50, M|\n|poke|p2|Wo-Chien, L50|\n|poke|p2|Incineroar, L50, F|\n|poke|p2|Sneasler, L50, M|\n|teampreview|4\n|inactive|Battle timer is ON: inactive players will automatically lose when time's up. (requested by sfghfdsfgg)\n|inactive|sfghfdsfgg has 60 seconds left.\n|\n|t:|1768889048\n|teamsize|p1|4\n|teamsize|p2|4\n|start\n|switch|p1a: Scooter|Smeargle, L50, M|100/100\n|switch|p1b: Miraidon|Miraidon, L50|100/100\n|switch|p2a: Lunala|Lunala, L50|100/100\n|switch|p2b: Incineroar|Incineroar, L50, F|100/100\n|-fieldstart|move: Electric Terrain|[from] ability: Hadron Engine|[of] p1b: Miraidon\n|-ability|p2b: Incineroar|Intimidate|boost\n|-unboost|p1a: Scooter|atk|1\n|-unboost|p1b: Miraidon|atk|1\n|-enditem|p1a: Scooter|Eject Pack\n|\n|t:|1768889055\n|switch|p1a: Rayquaza|Rayquaza, L50|100/100\n|-ability|p1a: Rayquaza|Air Lock\n|turn|1\n|\n|t:|1768889076\n|move|p2b: Incineroar|Fake Out|p1b: Miraidon\n|-damage|p1b: Miraidon|89/100\n|cant|p1b: Miraidon|flinch\n|move|p1a: Rayquaza|Swords Dance|p1a: Rayquaza\n|-boost|p1a: Rayquaza|atk|2\n|move|p2a: Lunala|Meteor Beam||[still]\n|-prepare|p2a: Lunala|Meteor Beam\n|-boost|p2a: Lunala|spa|1\n|-enditem|p2a: Lunala|Power Herb\n|-anim|p2a: Lunala|Meteor Beam|p1a: Rayquaza\n|-supereffective|p1a: Rayquaza\n|-damage|p1a: Rayquaza|0 fnt\n|faint|p1a: Rayquaza\n|\n|upkeep\n|-message|sfghfdsfgg forfeited.\n|\n|win|inb_178\n|raw|sfghfdsfgg's rating: 1096 &rarr; <strong>1076</strong><br />(-20 for losing)\n|raw|inb_178's rating: 1160 &rarr; <strong>1180</strong><br />(+20 for winning)\n|l|\u2606sfghfdsfgg\n|player|p1|\n|l|\u2606inb_178\n|player|p2|\n","uploadtime":1768889472,"views":12,"formatid":"gen9vgc2026regi","rating":1076,"private":0,"password":null}