{"id":"gen9vgc2026regi-2519811182","format":"[Gen 9] VGC 2026 Reg I","players":["crifab93","kojimuranishi"],"log":"|j|\u2606crifab93\n|j|\u2606kojimuranishi\n|t:|1768554222\n|gametype|doubles\n|player|p1|crifab93|n|1452\n|player|p2|kojimuranishi|102|1551\n|gen|9\n|tier|[Gen 9] VGC 2026 Reg I\n|rated|\n|rule|Species Clause: Limit one of each Pok\u00e9mon\n|rule|Item Clause: Limit 1 of each item\n|clearpoke\n|poke|p1|Rillaboom, L50, F|\n|poke|p1|Calyrex-Shadow, L50|\n|poke|p1|Zamazenta-*, L50|\n|poke|p1|Incineroar, L50, F|\n|poke|p1|Clefairy, L50, M|\n|poke|p1|Ogerpon-Hearthflame, L50, F|\n|poke|p2|Whimsicott, L50, F|\n|poke|p2|Calyrex-Ice, L50|\n|poke|p2|Miraidon, L50|\n|poke|p2|Chi-Yu, L50|\n|poke|p2|Landorus, L50, M|\n|poke|p2|Ogerpon-Cornerstone, L50, F|\n|teampreview|4\n|inactive|Battle timer is ON: inactive players will automatically lose when time's up. (requested by kojimuranishi)\n|inactive|crifab93 has 60 seconds left.\n|\n|t:|1768554258\n|teamsize|p1|4\n|teamsize|p2|4\n|start\n|switch|p1a: Rillaboom|Rillaboom, L50, F|100/100\n|switch|p1b: Calyrex|Calyrex-Shadow, L50|100/100\n|switch|p2a: Whimsicott|Whimsicott, L50, F|100/100\n|switch|p2b: Chi-Yu|Chi-Yu, L50|100/100\n|-ability|p1b: Calyrex|As One\n|-ability|p1b: Calyrex|Unnerve\n|-ability|p2b: Chi-Yu|Beads of Ruin\n|-fieldstart|move: Grassy Terrain|[from] ability: Grassy Surge|[of] p1a: Rillaboom\n|turn|1\n|\n|t:|1768554275\n|switch|p1a: Incineroar|Incineroar, L50, F|100/100\n|-ability|p1a: Incineroar|Intimidate|boost\n|-unboost|p2a: Whimsicott|atk|1\n|-unboost|p2b: Chi-Yu|atk|1\n|-terastallize|p1b: Calyrex|Dark\n|move|p1b: Calyrex|Nasty Plot|p1b: Calyrex\n|-boost|p1b: Calyrex|spa|2\n|move|p2a: Whimsicott|Moonblast|p1b: Calyrex\n|-supereffective|p1b: Calyrex\n|-damage|p1b: Calyrex|0 fnt\n|faint|p1b: Calyrex\n|move|p2b: Chi-Yu|Heat Wave|p1a: Incineroar\n|-resisted|p1a: Incineroar\n|-damage|p1a: Incineroar|46/100\n|\n|-heal|p1a: Incineroar|52/100|[from] Grassy Terrain\n|upkeep\n|-message|crifab93 forfeited.\n|\n|win|kojimuranishi\n|raw|crifab93's rating: 1452 &rarr; <strong>1438</strong><br />(-14 for losing)\n|raw|kojimuranishi's rating: 1551 &rarr; <strong>1565</strong><br />(+14 for winning)\n|l|\u2606crifab93\n|player|p1|\n|l|\u2606kojimuranishi\n|player|p2|\n","uploadtime":1768554551,"views":19,"formatid":"gen9vgc2026regi","rating":1438,"private":0,"password":null}