{"id":"gen9vgc2026regi-2535845792","format":"[Gen 9] VGC 2026 Reg I","players":["grasshopperwater","501JFW"],"log":"|j|\u2606grasshopperwater\n|j|\u2606501JFW\n|t:|1770619204\n|gametype|doubles\n|player|p1|grasshopperwater|erika|1342\n|player|p2|501JFW|101|1496\n|gen|9\n|tier|[Gen 9] VGC 2026 Reg I\n|rated|\n|rule|Species Clause: Limit one of each Pok\u00e9mon\n|rule|Item Clause: Limit 1 of each item\n|clearpoke\n|poke|p1|Miraidon, L50|\n|poke|p1|Lunala, L50|\n|poke|p1|Iron Hands, L50|\n|poke|p1|Iron Bundle, L50|\n|poke|p1|Incineroar, L50, F|\n|poke|p1|Ogerpon-Hearthflame, L50, F|\n|poke|p2|Kyogre, L50|\n|poke|p2|Calyrex-Ice, L50|\n|poke|p2|Amoonguss, L50, F|\n|poke|p2|Iron Jugulis, L50|\n|poke|p2|Urshifu-*, L50, M|\n|poke|p2|Indeedee-F, L50, F|\n|teampreview|4\n|inactive|Battle timer is ON: inactive players will automatically lose when time's up. (requested by 501JFW)\n|j| amcooked\n|inactive|501JFW has 60 seconds left.\n|\n|t:|1770619249\n|teamsize|p1|4\n|teamsize|p2|4\n|start\n|switch|p1a: Lunala|Lunala, L50|100/100\n|switch|p1b: Ogerpon|Ogerpon-Hearthflame, L50, F|100/100\n|switch|p2a: Indeedee|Indeedee-F, L50, F, shiny|100/100\n|switch|p2b: Calyrex|Calyrex-Ice, L50|100/100\n|-ability|p2b: Calyrex|As One\n|-ability|p2b: Calyrex|Unnerve\n|-ability|p1b: Ogerpon|Mold Breaker\n|-fieldstart|move: Psychic Terrain|[from] ability: Psychic Surge|[of] p2a: Indeedee\n|-enditem|p2a: Indeedee|Psychic Seed\n|-boost|p2a: Indeedee|spd|1|[from] item: Psychic Seed\n|turn|1\n|c| amcooked|ive never seen miridon and lunala before\n|c|\u2606grasshopperwater|really?\n|inactive|501JFW has 30 seconds left.\n|\n|t:|1770619276\n|move|p2a: Indeedee|Follow Me|p2a: Indeedee\n|-singleturn|p2a: Indeedee|move: Follow Me\n|move|p1b: Ogerpon|Taunt|p2a: Indeedee\n|-start|p2a: Indeedee|move: Taunt\n|move|p1a: Lunala|Moongeist Beam|p2a: Indeedee\n|-immune|p2a: Indeedee\n|move|p2b: Calyrex|Swords Dance|p2b: Calyrex\n|-boost|p2b: Calyrex|atk|2\n|\n|upkeep\n|turn|2\n|j| trongbeeus123\n|c| amcooked|grasshopper might be done for\n|\n|t:|1770619297\n|switch|p2a: Kyogre|Kyogre, L50, shiny|100/100\n|-weather|RainDance|[from] ability: Drizzle|[of] p2a: Kyogre\n|-terastallize|p1b: Ogerpon|Fire\n|detailschange|p1b: Ogerpon|Ogerpon-Hearthflame-Tera, L50, F, tera:Fire\n|-ability|p1b: Ogerpon|Embody Aspect (Hearthflame)|boost\n|-boost|p1b: Ogerpon|atk|1\n|-terastallize|p2b: Calyrex|Grass\n|move|p1b: Ogerpon|Ivy Cudgel|p2b: Calyrex|[anim] Ivy Cudgel Fire\n|-supereffective|p2b: Calyrex\n|-crit|p2b: Calyrex\n|-damage|p2b: Calyrex|6/100\n|move|p1a: Lunala|Moongeist Beam|p2b: Calyrex\n|-damage|p2b: Calyrex|0 fnt\n|faint|p2b: Calyrex\n|\n|-weather|RainDance|[upkeep]\n|upkeep\n|c| amcooked|nevermind\n|-message|501JFW forfeited.\n|\n|win|grasshopperwater\n|raw|grasshopperwater's rating: 1342 &rarr; <strong>1370</strong><br />(+28 for winning)\n|raw|501JFW's rating: 1496 &rarr; <strong>1468</strong><br />(-28 for losing)\n|l|\u2606501JFW\n|player|p2|\n|l| amcooked\n|l|\u2606grasshopperwater\n|player|p1|\n|l| trongbeeus123\n","uploadtime":1770619530,"views":14,"formatid":"gen9vgc2026regi","rating":1370,"private":0,"password":null}