{"id":"gen9vgc2026regi-2572229352","format":"[Gen 9] VGC 2026 Reg I","players":["pictochatvgc","sheeshshane925"],"log":"|j|\u2606pictochatvgc\n|j|\u2606sheeshshane925\n|t:|1774999734\n|gametype|doubles\n|player|p1|pictochatvgc|skier|1382\n|player|p2|sheeshshane925|chuck|1521\n|gen|9\n|tier|[Gen 9] VGC 2026 Reg I\n|rated|\n|rule|Species Clause: Limit one of each Pok\u00e9mon\n|rule|Item Clause: Limit 1 of each item\n|clearpoke\n|poke|p1|Miraidon, L50|\n|poke|p1|Raging Bolt, L50|\n|poke|p1|Bronzong, L50|\n|poke|p1|Groudon, L50|\n|poke|p1|Thundurus, L50, M|\n|poke|p1|Ogerpon-Hearthflame, L50, F|\n|poke|p2|Calyrex-Ice, L50|\n|poke|p2|Miraidon, L50|\n|poke|p2|Farigiraf, L50, M|\n|poke|p2|Iron Hands, L50|\n|poke|p2|Scraggy, L50, F|\n|poke|p2|Iron Bundle, L50|\n|teampreview|4\n|\n|t:|1774999774\n|teamsize|p1|4\n|teamsize|p2|4\n|start\n|switch|p1a: Miraidon|Miraidon, L50|100/100\n|switch|p1b: Mr. Electric|Raging Bolt, L50|100/100\n|switch|p2a: Miraidon|Miraidon, L50, shiny|100/100\n|switch|p2b: Iron Bundle|Iron Bundle, L50, shiny|100/100\n|-fieldstart|move: Electric Terrain|[from] ability: Hadron Engine|[of] p1a: Miraidon\n|-activate|p2b: Iron Bundle|ability: Quark Drive\n|-start|p2b: Iron Bundle|quarkdrivespe\n|-activate|p2a: Miraidon|ability: Hadron Engine\n|turn|1\n|\n|t:|1774999797\n|move|p2b: Iron Bundle|Protect|p2b: Iron Bundle\n|-singleturn|p2b: Iron Bundle|Protect\n|move|p2a: Miraidon|Protect|p2a: Miraidon\n|-singleturn|p2a: Miraidon|Protect\n|move|p1b: Mr. Electric|Protect|p1b: Mr. Electric\n|-singleturn|p1b: Mr. Electric|Protect\n|move|p1a: Miraidon|Volt Switch|p2a: Miraidon\n|-activate|p2a: Miraidon|move: Protect\n|\n|upkeep\n|turn|2\n|\n|t:|1774999822\n|-terastallize|p2a: Miraidon|Fairy\n|-terastallize|p1b: Mr. Electric|Electric\n|move|p2b: Iron Bundle|Icy Wind|p1a: Miraidon|[spread] p1a\n|-miss|p2b: Iron Bundle|p1b: Mr. Electric\n|-supereffective|p1a: Miraidon\n|-damage|p1a: Miraidon|62/100\n|-unboost|p1a: Miraidon|spe|1\n|move|p1a: Miraidon|Volt Switch|p2b: Iron Bundle\n|-supereffective|p2b: Iron Bundle\n|-enditem|p2b: Iron Bundle|Focus Sash\n|-damage|p2b: Iron Bundle|1/100\n|\n|t:|1774999839\n|switch|p1a: Groudon|Groudon, L50|100/100|[from] Volt Switch\n|-weather|SunnyDay|[from] ability: Drought|[of] p1a: Groudon\n|-activate|p1b: Mr. Electric|ability: Protosynthesis\n|-start|p1b: Mr. Electric|protosynthesisspa\n|move|p2a: Miraidon|Dazzling Gleam|p1b: Mr. Electric|[spread] p1a,p1b\n|-damage|p1a: Groudon|41/100\n|-damage|p1b: Mr. Electric|44/100\n|-damage|p2a: Miraidon|91/100|[from] item: Life Orb\n|move|p1b: Mr. Electric|Rising Voltage|p2a: Miraidon\n|-hint|Rising Voltage's BP doubled on grounded target.\n|-damage|p2a: Miraidon|0 fnt\n|faint|p2a: Miraidon\n|-damage|p1b: Mr. Electric|35/100|[from] item: Life Orb\n|\n|-weather|SunnyDay|[upkeep]\n|upkeep\n|\n|t:|1774999860\n|switch|p2a: Calyrex|Calyrex-Ice, L50|100/100\n|-ability|p2a: Calyrex|As One\n|-ability|p2a: Calyrex|Unnerve\n|turn|3\n|\n|t:|1774999880\n|move|p2b: Iron Bundle|Freeze-Dry|p1b: Mr. Electric\n|-damage|p1b: Mr. Electric|4/100\n|move|p1a: Groudon|Heat Crash|p2b: Iron Bundle\n|-damage|p2b: Iron Bundle|0 fnt\n|faint|p2b: Iron Bundle\n|-end|p2b: Iron Bundle|Quark Drive|[silent]\n|move|p1b: Mr. Electric|Rising Voltage|p2a: Calyrex\n|-hint|Rising Voltage's BP doubled on grounded target.\n|-damage|p2a: Calyrex|0 fnt\n|faint|p2a: Calyrex\n|-damage|p1b: Mr. Electric|0 fnt|[from] item: Life Orb\n|faint|p1b: Mr. Electric\n|-end|p1b: Mr. Electric|Protosynthesis|[silent]\n|\n|-weather|SunnyDay|[upkeep]\n|upkeep\n|-message|sheeshshane925 forfeited.\n|\n|win|pictochatvgc\n|raw|pictochatvgc's rating: 1382 &rarr; <strong>1410</strong><br />(+28 for winning)\n|raw|sheeshshane925's rating: 1521 &rarr; <strong>1493</strong><br />(-28 for losing)\n|l|\u2606sheeshshane925\n|player|p2|\n","uploadtime":1774999923,"views":18,"formatid":"gen9vgc2026regi","rating":1410,"private":0,"password":null}