{"id":"gen9vgc2026regi-2578974214","format":"[Gen 9] VGC 2026 Reg I","players":["4Test4","FearlyVGC"],"log":"|j|\u26064Test4\n|j|\u2606FearlyVGC\n|t:|1775741907\n|gametype|doubles\n|player|p1|4Test4|blue|1382\n|player|p2|FearlyVGC|koga|1431\n|gen|9\n|tier|[Gen 9] VGC 2026 Reg I\n|rated|\n|rule|Species Clause: Limit one of each Pok\u00e9mon\n|rule|Item Clause: Limit 1 of each item\n|clearpoke\n|poke|p1|Calyrex-Shadow, L50|\n|poke|p1|Zamazenta-*, L50|\n|poke|p1|Incineroar, L50, M|\n|poke|p1|Raging Bolt, L50|\n|poke|p1|Whimsicott, L50, F|\n|poke|p1|Ogerpon-Wellspring, L50, F|\n|poke|p2|Miraidon, L50|\n|poke|p2|Farigiraf, L50, F|\n|poke|p2|Whimsicott, L50, F|\n|poke|p2|Urshifu-*, L50, M|\n|poke|p2|Lunala, L50|\n|poke|p2|Torkoal, L50, M|\n|teampreview|4\n|inactive|Battle timer is ON: inactive players will automatically lose when time's up. (requested by FearlyVGC)\nFearlyVGC has agreed to open team sheets.\n|j| tungstenTurtle\n|l| tungstenTurtle\n|inactive|4Test4 has 60 seconds left.\n|\n|t:|1775741963\n|teamsize|p1|4\n|teamsize|p2|4\n|start\n|switch|p1a: Raging Bolt|Raging Bolt, L50|100/100\n|switch|p1b: Incineroar|Incineroar, L50, M|100/100\n|switch|p2a: Miraidon|Miraidon, L50, shiny|100/100\n|switch|p2b: Farigiraf|Farigiraf, L50, F|100/100\n|-fieldstart|move: Electric Terrain|[from] ability: Hadron Engine|[of] p2a: Miraidon\n|-enditem|p2b: Farigiraf|Electric Seed\n|-boost|p2b: Farigiraf|def|1|[from] item: Electric Seed\n|-ability|p1b: Incineroar|Intimidate|boost\n|-unboost|p2a: Miraidon|atk|1\n|-unboost|p2b: Farigiraf|atk|1\n|turn|1\n|\n|t:|1775741982\n|-terastallize|p1a: Raging Bolt|Fairy\n|move|p2a: Miraidon|Volt Switch|p1b: Incineroar\n|-damage|p1b: Incineroar|26/100\n|\n|t:|1775741987\n|switch|p2a: Lunala|Lunala, L50, shiny|100/100|[from] Volt Switch\n|move|p1a: Raging Bolt|Snarl|p2a: Lunala|[spread] p2a,p2b\n|-supereffective|p2a: Lunala\n|-supereffective|p2b: Farigiraf\n|-damage|p2a: Lunala|81/100\n|-damage|p2b: Farigiraf|77/100\n|-unboost|p2a: Lunala|spa|1\n|-unboost|p2b: Farigiraf|spa|1\n|move|p1b: Incineroar|Parting Shot|p2a: Lunala\n|-unboost|p2a: Lunala|atk|1\n|-unboost|p2a: Lunala|spa|1\n|\n|t:|1775742002\n|switch|p1b: Zamazenta|Zamazenta-Crowned, L50|100/100|[from] Parting Shot\n|-ability|p1b: Zamazenta|Dauntless Shield|boost\n|-boost|p1b: Zamazenta|def|1\n|move|p2b: Farigiraf|Trick Room|p2b: Farigiraf\n|-fieldstart|move: Trick Room|[of] p2b: Farigiraf\n|\n|-heal|p2a: Lunala|87/100|[from] item: Leftovers\n|upkeep\n|turn|2\n|\n|t:|1775742020\n|move|p2b: Farigiraf|Protect|p2b: Farigiraf\n|-singleturn|p2b: Farigiraf|Protect\n|move|p1a: Raging Bolt|Dragon Pulse|p2a: Lunala\n|-damage|p2a: Lunala|54/100\n|move|p2a: Lunala|Will-O-Wisp|p1b: Zamazenta|[miss]\n|-miss|p2a: Lunala|p1b: Zamazenta\n|move|p1b: Zamazenta|Body Press|p2b: Farigiraf\n|-activate|p2b: Farigiraf|move: Protect\n|\n|-heal|p2a: Lunala|60/100|[from] item: Leftovers\n|upkeep\n|turn|3\n|\n|t:|1775742036\n|move|p1b: Zamazenta|Protect|p1b: Zamazenta\n|-singleturn|p1b: Zamazenta|Protect\n|move|p2b: Farigiraf|Foul Play|p1a: Raging Bolt\n|-resisted|p1a: Raging Bolt\n|-damage|p1a: Raging Bolt|95/100\n|move|p1a: Raging Bolt|Snarl|p2a: Lunala|[spread] p2a,p2b\n|-supereffective|p2a: Lunala\n|-supereffective|p2b: Farigiraf\n|-damage|p2a: Lunala|16/100\n|-damage|p2b: Farigiraf|51/100\n|-unboost|p2a: Lunala|spa|1\n|-unboost|p2b: Farigiraf|spa|1\n|move|p2a: Lunala|Will-O-Wisp|p1b: Zamazenta\n|-activate|p1b: Zamazenta|move: Protect\n|\n|-heal|p2a: Lunala|22/100|[from] item: Leftovers\n|upkeep\n|turn|4\n|-message|FearlyVGC forfeited.\n|\n|win|4Test4\n|raw|4Test4's rating: 1382 &rarr; <strong>1405</strong><br />(+23 for winning)\n|raw|FearlyVGC's rating: 1431 &rarr; <strong>1408</strong><br />(-23 for losing)\n|l|\u2606FearlyVGC\n|player|p2|\n","uploadtime":1775742074,"views":11,"formatid":"gen9vgc2026regi","rating":1405,"private":0,"password":null}