{"id":"gen9vgc2026regi-2535659308","format":"[Gen 9] VGC 2026 Reg I","players":["tony krip","alexit93"],"log":"|j|\u2606tony krip\n|j|\u2606alexit93\n|t:|1770592143\n|gametype|doubles\n|player|p1|tony krip|lucas|1360\n|player|p2|alexit93|lucas-gen4pt|1459\n|gen|9\n|tier|[Gen 9] VGC 2026 Reg I\n|rated|\n|rule|Species Clause: Limit one of each Pok\u00e9mon\n|rule|Item Clause: Limit 1 of each item\n|clearpoke\n|poke|p1|Zacian-*, L50|\n|poke|p1|Kyogre, L50|\n|poke|p1|Landorus, L50, M|\n|poke|p1|Charjabug, L50, M|\n|poke|p1|Urshifu-*, L50, M|\n|poke|p1|Rillaboom, L50, M|\n|poke|p2|Zamazenta-*, L50|\n|poke|p2|Riolu, L50, F|\n|poke|p2|Calyrex-Ice, L50|\n|poke|p2|Rillaboom, L50, M|\n|poke|p2|Incineroar, L50, F|\n|poke|p2|Urshifu-*, L50, F|\n|teampreview|4\n|inactive|Battle timer is ON: inactive players will automatically lose when time's up. (requested by tony krip)\n|inactive|alexit93 has 60 seconds left.\n|\n|t:|1770592181\n|teamsize|p1|4\n|teamsize|p2|4\n|start\n|switch|p1a: Charjabug|Charjabug, L50, M, shiny|100/100\n|switch|p1b: Kyogre|Kyogre, L50, shiny|100/100\n|switch|p2a: Zamazenta|Zamazenta-Crowned, L50, shiny|100/100\n|switch|p2b: Rillaboom|Rillaboom, L50, M|100/100\n|-ability|p2a: Zamazenta|Dauntless Shield|boost\n|-boost|p2a: Zamazenta|def|1\n|-fieldstart|move: Grassy Terrain|[from] ability: Grassy Surge|[of] p2b: Rillaboom\n|-weather|RainDance|[from] ability: Drizzle|[of] p1b: Kyogre\n|turn|1\n|\n|t:|1770592202\n|move|p1b: Kyogre|Protect|p1b: Kyogre\n|-singleturn|p1b: Kyogre|Protect\n|move|p2b: Rillaboom|Grassy Glide|p1b: Kyogre\n|-activate|p1b: Kyogre|move: Protect\n|move|p2a: Zamazenta|Body Press|p1b: Kyogre\n|-activate|p1b: Kyogre|move: Protect\n|move|p1a: Charjabug|Thunder Wave|p2a: Zamazenta\n|-status|p2a: Zamazenta|par\n|\n|-weather|RainDance|[upkeep]\n|upkeep\n|turn|2\n|\n|t:|1770592223\n|-terastallize|p1b: Kyogre|Grass\n|move|p2b: Rillaboom|Grassy Glide|p1b: Kyogre\n|-resisted|p1b: Kyogre\n|-damage|p1b: Kyogre|80/100\n|move|p1b: Kyogre|Water Spout|p2a: Zamazenta|[spread] p2a,p2b\n|-crit|p2a: Zamazenta\n|-resisted|p2b: Rillaboom\n|-crit|p2b: Rillaboom\n|-damage|p2a: Zamazenta|0 fnt\n|-damage|p2b: Rillaboom|39/100\n|faint|p2a: Zamazenta\n|move|p1a: Charjabug|Struggle Bug|p2b: Rillaboom\n|-supereffective|p2b: Rillaboom\n|-damage|p2b: Rillaboom|20/100\n|-unboost|p2b: Rillaboom|spa|1\n|\n|-weather|RainDance|[upkeep]\n|-heal|p2b: Rillaboom|26/100|[from] Grassy Terrain\n|-heal|p1b: Kyogre|86/100|[from] Grassy Terrain\n|-heal|p1b: Kyogre|92/100|[from] item: Leftovers\n|upkeep\n|\n|t:|1770592237\n|switch|p2a: Urshifu|Urshifu-Rapid-Strike, L50, F|100/100\n|turn|3\n|\n|t:|1770592254\n|-terastallize|p2a: Urshifu|Water\n|move|p2a: Urshifu|Surging Strikes|p1a: Charjabug\n|-crit|p1a: Charjabug\n|-damage|p1a: Charjabug|69/100\n|-crit|p1a: Charjabug\n|-damage|p1a: Charjabug|37/100\n|-crit|p1a: Charjabug\n|-damage|p1a: Charjabug|7/100\n|-hitcount|p1a: Charjabug|3\n|move|p2b: Rillaboom|U-turn|p1b: Kyogre\n|-supereffective|p1b: Kyogre\n|-damage|p1b: Kyogre|42/100\n|\n|t:|1770592266\n|switch|p2b: Incineroar|Incineroar, L50, F|100/100|[from] U-turn\n|-ability|p2b: Incineroar|Intimidate|boost\n|-unboost|p1a: Charjabug|atk|1\n|-unboost|p1b: Kyogre|atk|1\n|move|p1b: Kyogre|Thunder|p2a: Urshifu\n|-supereffective|p2a: Urshifu\n|-damage|p2a: Urshifu|0 fnt\n|faint|p2a: Urshifu\n|move|p1a: Charjabug|Electroweb|p2b: Incineroar\n|-damage|p2b: Incineroar|88/100\n|-unboost|p2b: Incineroar|spe|1\n|\n|-weather|RainDance|[upkeep]\n|-heal|p1b: Kyogre|47/100|[from] Grassy Terrain\n|-heal|p1b: Kyogre|53/100|[from] item: Leftovers\n|-heal|p1a: Charjabug|13/100|[from] Grassy Terrain\n|-heal|p2b: Incineroar|94/100|[from] Grassy Terrain\n|upkeep\n|l|\u2606alexit93\n|inactive|alexit93 disconnected and has a minute to reconnect!\n|player|p2|\n|inactive|alexit93 has 30 seconds left.\n|inactive|alexit93 has 20 seconds left.\n|inactive|alexit93 has 15 seconds left.\n|inactive|alexit93 has 10 seconds left.\n|inactive|alexit93 has 5 seconds left.\n|-message|alexit93 lost due to inactivity.\n|\n|win|tony krip\n|raw|tony krip's rating: 1360 &rarr; <strong>1386</strong><br />(+26 for winning)\n|raw|alexit93's rating: 1459 &rarr; <strong>1433</strong><br />(-26 for losing)\n|l|\u2606tony krip\n|player|p1|\n","uploadtime":1770592524,"views":13,"formatid":"gen9vgc2026regi","rating":1386,"private":0,"password":null}