{"id":"gen9vgc2026regi-2529195669","format":"[Gen 9] VGC 2026 Reg I","players":["Hiat6578","i\u2764\u5a1c\u7984forever"],"log":"|j|\u2606Hiat6578\n|j|\u2606i\u2764\u5a1c\u7984forever\n|t:|1769751356\n|gametype|doubles\n|player|p1|Hiat6578|fisherman-gen4|\n|player|p2|i\u2764\u5a1c\u7984forever|youngcouple-gen4dp|\n|gen|9\n|tier|[Gen 9] VGC 2026 Reg I\n|rated|Tournament battle\n|rule|Species Clause: Limit one of each Pok\u00e9mon\n|rule|Item Clause: Limit 1 of each item\n|raw|<div class=\"infobox\"><details class=\"readmore\" open><summary><strong>1 custom rule:</strong></summary> Open Team Sheets</details></div>\n|clearpoke\n|poke|p1|Calyrex-Shadow, L50|\n|poke|p1|Roaring Moon, L50|\n|poke|p1|Zamazenta-*, L50|\n|poke|p1|Amoonguss, L50, F|\n|poke|p1|Incineroar, L50, M|\n|poke|p1|Ogerpon-Hearthflame, L50, F|\n|poke|p2|Groudon, L50|\n|poke|p2|Kyurem-White, L50|\n|poke|p2|Heatran, L50, F|\n|poke|p2|Whimsicott, L50, M|\n|poke|p2|Roaring Moon, L50|\n|poke|p2|Ditto, L50|\n|teampreview|4\n|inactive|Battle timer is ON: inactive players will automatically lose when time's up. (requested by Hiat6578)\nHiat6578 rejected open team sheets.\n|\n|t:|1769751365\n|teamsize|p1|4\n|teamsize|p2|4\n|start\n|switch|p1a: Calyrex|Calyrex-Shadow, L50|100/100\n|switch|p1b: Roaring Moon|Roaring Moon, L50|100/100\n|switch|p2a: Whimsicott|Whimsicott, L50, M|100/100\n|switch|p2b: Kyurem|Kyurem-White, L50|100/100\n|-ability|p1a: Calyrex|As One\n|-ability|p1a: Calyrex|Unnerve\n|-ability|p2b: Kyurem|Turboblaze\n|-enditem|p1b: Roaring Moon|Booster Energy\n|-activate|p1b: Roaring Moon|ability: Protosynthesis|[fromitem]\n|-start|p1b: Roaring Moon|protosynthesisspe\n|turn|1\n|inactive|Hiat6578 has 30 seconds left.\n|c|\u2606Hiat6578|I cannot wait for roaring moon to be encored\n|\n|t:|1769751399\n|-terastallize|p1a: Calyrex|Dragon\n|move|p1b: Roaring Moon|Dragon Cheer|p1a: Calyrex\n|-start|p1a: Calyrex|move: Dragon Cheer\n|move|p1a: Calyrex|Tera Blast|p2b: Kyurem|[anim] Tera Blast Dragon\n|-supereffective|p2b: Kyurem\n|-crit|p2b: Kyurem\n|-damage|p2b: Kyurem|0 fnt\n|faint|p2b: Kyurem\n|-ability|p1a: Calyrex|Grim Neigh|boost\n|-boost|p1a: Calyrex|spa|1\n|move|p2a: Whimsicott|Energy Ball|p1a: Calyrex\n|-resisted|p1a: Calyrex\n|-damage|p1a: Calyrex|80/100\n|\n|upkeep\n|\n|t:|1769751419\n|switch|p2b: Ditto|Ditto, L50|100/100\n|-start|p2b: Ditto|move: Dragon Cheer|[silent]\n|-transform|p2b: Ditto|p1a: Calyrex|[from] ability: Imposter\n|-ability|p2b: Ditto|As One\n|-ability|p2b: Ditto|Unnerve\n|-start|p2b: Ditto|typechange|Psychic/Ghost|[silent]\n|turn|2\n|\n|t:|1769751432\n|-terastallize|p2b: Ditto|Dark\n|move|p2a: Whimsicott|Tailwind|p2a: Whimsicott\n|-sidestart|p2: i\u2764\u5a1c\u7984forever|move: Tailwind\n|move|p2b: Ditto|Astral Barrage|p1a: Calyrex|[spread] p1a,p1b\n|-crit|p1a: Calyrex\n|-resisted|p1b: Roaring Moon\n|-damage|p1a: Calyrex|0 fnt\n|-damage|p1b: Roaring Moon|64/100\n|faint|p1a: Calyrex\n|-ability|p2b: Ditto|Grim Neigh|boost\n|-boost|p2b: Ditto|spa|1\n|move|p1b: Roaring Moon|Tailwind|p1b: Roaring Moon\n|-sidestart|p1: Hiat6578|move: Tailwind\n|\n|upkeep\n|\n|t:|1769751444\n|switch|p1a: Zamazenta|Zamazenta-Crowned, L50|100/100\n|-ability|p1a: Zamazenta|Dauntless Shield|boost\n|-boost|p1a: Zamazenta|def|1\n|turn|3\n|j| tomcheung22\n|inactive|i\u2764\u5a1c\u7984forever has 30 seconds left.\n|\n|t:|1769751474\n|move|p1b: Roaring Moon|Dragon Cheer|p1a: Zamazenta\n|-start|p1a: Zamazenta|move: Dragon Cheer\n|move|p1a: Zamazenta|Body Press|p2b: Ditto\n|-supereffective|p2b: Ditto\n|-damage|p2b: Ditto|0 fnt\n|faint|p2b: Ditto\n|move|p2a: Whimsicott|Endeavor|p1a: Zamazenta\n|-damage|p1a: Zamazenta|61/100\n|\n|upkeep\n|inactive|i\u2764\u5a1c\u7984forever has 30 seconds left.\n|l|\u2606i\u2764\u5a1c\u7984forever\n|inactive|i\u2764\u5a1c\u7984forever disconnected and has a minute to reconnect!\n|player|p2|\n|inactive|i\u2764\u5a1c\u7984forever has 20 seconds left.\n|inactive|i\u2764\u5a1c\u7984forever has 15 seconds left.\n|inactive|i\u2764\u5a1c\u7984forever has 10 seconds left.\n|inactive|i\u2764\u5a1c\u7984forever has 5 seconds left.\n|-message|i\u2764\u5a1c\u7984forever lost due to inactivity.\n|\n|win|Hiat6578\n|n|\u2606Hiat6578|hiat6578\n|n| tomcheung22|tomcheung22\n|l|\u2606Hiat6578\n|player|p1|\n|l| tomcheung22\n|j|\u2606Hiat6578\n|player|p1|Hiat6578|fisherman-gen4|\n|j| monkey stall\n|l|\u2606Hiat6578\n|player|p1|\n|j| asmearglefan\n|j|\u2606i\u2764\u5a1c\u7984forever\n|player|p2|i\u2764\u5a1c\u7984forever|youngcouple-gen4dp|\n|j|\u2606Hiat6578\n|player|p1|Hiat6578|fisherman-gen4|\n","uploadtime":1769751532,"views":12,"formatid":"gen9vgc2026regi","rating":null,"private":0,"password":null}