{"id":"gen9vgc2026regi-2528273944","format":"[Gen 9] VGC 2026 Reg I","players":["oGranFeiticeiro","i\u2764\u5a1c\u7984forever"],"log":"|j|\u2606oGranFeiticeiro\n|j|\u2606i\u2764\u5a1c\u7984forever\n|t:|1769636534\n|gametype|doubles\n|player|p1|oGranFeiticeiro|hilbert|1339\n|player|p2|i\u2764\u5a1c\u7984forever|youngcouple|1480\n|gen|9\n|tier|[Gen 9] VGC 2026 Reg I\n|rated|\n|rule|Species Clause: Limit one of each Pok\u00e9mon\n|rule|Item Clause: Limit 1 of each item\n|clearpoke\n|poke|p1|Calyrex-Ice, L50|\n|poke|p1|Kyogre, L50|\n|poke|p1|Smeargle, L50, F|\n|poke|p1|Ursaluna, L50, F|\n|poke|p1|Glalie, L50, F|\n|poke|p1|Hatterene, L50, F|\n|poke|p2|Groudon, L50|\n|poke|p2|Kyurem-White, L50|\n|poke|p2|Heatran, L50, F|\n|poke|p2|Whimsicott, L50, M|\n|poke|p2|Roaring Moon, L50|\n|poke|p2|Ditto, L50|\n|teampreview|4\n|inactive|Battle timer is ON: inactive players will automatically lose when time's up. (requested by oGranFeiticeiro)\n|inactive|i\u2764\u5a1c\u7984forever has 60 seconds left.\n|\n|t:|1769636588\n|teamsize|p1|4\n|teamsize|p2|4\n|start\n|switch|p1a: Calyrex|Calyrex-Ice, L50|100/100\n|switch|p1b: Smeargle|Smeargle, L50, F|100/100\n|switch|p2a: Roaring Moon|Roaring Moon, L50|100/100\n|switch|p2b: Kyurem|Kyurem-White, L50|100/100\n|-ability|p1a: Calyrex|As One\n|-ability|p1a: Calyrex|Unnerve\n|-ability|p2b: Kyurem|Turboblaze\n|turn|1\n|\n|t:|1769636599\n|move|p2a: Roaring Moon|Rock Slide|p1b: Smeargle|[spread] p1a,p1b\n|-supereffective|p1a: Calyrex\n|-damage|p1a: Calyrex|77/100\n|-damage|p1b: Smeargle|71/100\n|move|p2b: Kyurem|Blizzard|p1a: Calyrex|[spread] p1a,p1b\n|-resisted|p1a: Calyrex\n|-damage|p1a: Calyrex|60/100\n|-damage|p1b: Smeargle|0 fnt\n|faint|p1b: Smeargle\n|move|p1a: Calyrex|Glacial Lance|p2b: Kyurem|[spread] p2a,p2b\n|-supereffective|p2a: Roaring Moon\n|-damage|p2a: Roaring Moon|0 fnt\n|-damage|p2b: Kyurem|51/100\n|faint|p2a: Roaring Moon\n|-end|p2a: Roaring Moon|Protosynthesis|[silent]\n|-ability|p1a: Calyrex|Chilling Neigh|boost\n|-boost|p1a: Calyrex|atk|1\n|\n|upkeep\n|\n|t:|1769636613\n|switch|p2a: Groudon|Groudon, L50|100/100\n|switch|p1b: Hatterene|Hatterene, L50, F|100/100\n|-weather|SunnyDay|[from] ability: Drought|[of] p2a: Groudon\n|turn|2\n|\n|t:|1769636621\n|-terastallize|p2a: Groudon|Water\n|move|p2b: Kyurem|Blizzard|p1b: Hatterene|[spread] p1a,p1b\n|-resisted|p1a: Calyrex\n|-damage|p1a: Calyrex|40/100\n|-damage|p1b: Hatterene|38/100\n|move|p2a: Groudon|Precipice Blades|p1b: Hatterene|[spread] p1a,p1b\n|-damage|p1a: Calyrex|5/100\n|-damage|p1b: Hatterene|0 fnt\n|faint|p1b: Hatterene\n|move|p1a: Calyrex|Glacial Lance|p2b: Kyurem|[spread] p2a,p2b\n|-resisted|p2a: Groudon\n|-damage|p2a: Groudon|72/100\n|-damage|p2b: Kyurem|0 fnt\n|faint|p2b: Kyurem\n|-ability|p1a: Calyrex|Chilling Neigh|boost\n|-boost|p1a: Calyrex|atk|1\n|\n|-weather|SunnyDay|[upkeep]\n|upkeep\n|\n|t:|1769636634\n|switch|p2b: Ditto|Ditto, L50|100/100\n|switch|p1b: Ursaluna|Ursaluna, L50, F|100/100\n|-transform|p2b: Ditto|p1a: Calyrex|[from] ability: Imposter\n|-ability|p2b: Ditto|As One\n|-ability|p2b: Ditto|Unnerve\n|turn|3\n|\n|t:|1769636652\n|move|p1a: Calyrex|Protect|p1a: Calyrex\n|-singleturn|p1a: Calyrex|Protect\n|move|p2a: Groudon|Crunch|p1a: Calyrex\n|-activate|p1a: Calyrex|move: Protect\n|move|p2b: Ditto|Glacial Lance|p1b: Ursaluna|[spread] p1b\n|-activate|p1a: Calyrex|move: Protect\n|-supereffective|p1b: Ursaluna\n|-damage|p1b: Ursaluna|0 fnt\n|faint|p1b: Ursaluna\n|-ability|p2b: Ditto|Chilling Neigh|boost\n|-boost|p2b: Ditto|atk|1\n|\n|-weather|SunnyDay|[upkeep]\n|upkeep\n|turn|4\n|-message|oGranFeiticeiro forfeited.\n|\n|win|i\u2764\u5a1c\u7984forever\n|raw|oGranFeiticeiro's rating: 1339 &rarr; <strong>1327</strong><br />(-12 for losing)\n|raw|i\u2764\u5a1c\u7984forever's rating: 1480 &rarr; <strong>1492</strong><br />(+12 for winning)\n|l|\u2606oGranFeiticeiro\n|player|p1|\n|l|\u2606i\u2764\u5a1c\u7984forever\n|player|p2|\n","uploadtime":1769636868,"views":15,"formatid":"gen9vgc2026regi","rating":1327,"private":0,"password":null}