{"id":"gen9vgc2026regi-2560746237","format":"[Gen 9] VGC 2026 Reg I","players":["GUCC1M4NECLONE","It'sJustKen VGC"],"log":"|j|\u2606GUCC1M4NECLONE\n|j|\u2606It'sJustKen VGC\n|t:|1773719779\n|gametype|doubles\n|player|p1|GUCC1M4NECLONE|sabrina-gen1rb|1175\n|player|p2|It'sJustKen VGC|1|1278\n|gen|9\n|tier|[Gen 9] VGC 2026 Reg I\n|rated|\n|rule|Species Clause: Limit one of each Pok\u00e9mon\n|rule|Item Clause: Limit 1 of each item\n|clearpoke\n|poke|p1|Whimsicott, L50, M|\n|poke|p1|Hatterene, L50, F|\n|poke|p1|Calyrex-Shadow, L50|\n|poke|p1|Urshifu-*, L50, M|\n|poke|p1|Indeedee-F, L50, F|\n|poke|p1|Necrozma-Dusk-Mane, L50|\n|poke|p2|Koraidon, L50|\n|poke|p2|Incineroar, L50, F|\n|poke|p2|Raging Bolt, L50|\n|poke|p2|Amoonguss, L50, M|\n|poke|p2|Flutter Mane, L50|\n|poke|p2|Lunala, L50|\n|teampreview|4\n|inactive|Battle timer is ON: inactive players will automatically lose when time's up. (requested by GUCC1M4NECLONE)\n|inactive|It'sJustKen VGC also wants the timer to be on.\n|j| GymLeader Avery\n|l| GymLeader Avery\n|\n|t:|1773719800\n|teamsize|p1|4\n|teamsize|p2|4\n|start\n|switch|p1a: Indeedee|Indeedee-F, L50, F|100/100\n|switch|p1b: Calyrex|Calyrex-Shadow, L50|100/100\n|switch|p2a: Koraidon|Koraidon, L50|100/100\n|switch|p2b: Flutter Mane|Flutter Mane, L50|100/100\n|-ability|p1b: Calyrex|As One\n|-ability|p1b: Calyrex|Unnerve\n|-weather|SunnyDay|[from] ability: Orichalcum Pulse|[of] p2a: Koraidon\n|-activate|p2b: Flutter Mane|ability: Protosynthesis\n|-start|p2b: Flutter Mane|protosynthesisspe\n|-activate|p2a: Koraidon|Orichalcum Pulse|[source]\n|-fieldstart|move: Psychic Terrain|[from] ability: Psychic Surge|[of] p1a: Indeedee\n|turn|1\n|inactive|It'sJustKen VGC has 30 seconds left.\n|inactive|It'sJustKen VGC has 20 seconds left.\n|\n|t:|1773719837\n|-terastallize|p2a: Koraidon|Fire\n|move|p1b: Calyrex|Protect|p1b: Calyrex\n|-singleturn|p1b: Calyrex|Protect\n|move|p2b: Flutter Mane|Icy Wind|p1a: Indeedee|[spread] p1a\n|-activate|p1b: Calyrex|move: Protect\n|-damage|p1a: Indeedee|87/100\n|-unboost|p1a: Indeedee|spe|1\n|move|p2a: Koraidon|Flare Blitz|p1b: Calyrex\n|-activate|p1b: Calyrex|move: Protect\n|move|p1a: Indeedee|Trick Room|p1a: Indeedee\n|-fieldstart|move: Trick Room|[of] p1a: Indeedee\n|\n|-weather|SunnyDay|[upkeep]\n|upkeep\n|turn|2\n|\n|t:|1773719862\n|move|p1a: Indeedee|Follow Me|p1a: Indeedee\n|-singleturn|p1a: Indeedee|move: Follow Me\n|move|p2a: Koraidon|Flare Blitz|p1a: Indeedee\n|-damage|p1a: Indeedee|0 fnt\n|-damage|p2a: Koraidon|84/100|[from] item: Rocky Helmet|[of] p1a: Indeedee\n|faint|p1a: Indeedee\n|-damage|p2a: Koraidon|56/100|[from] Recoil\n|move|p1b: Calyrex|Nasty Plot|p1b: Calyrex\n|-boost|p1b: Calyrex|spa|2\n|move|p2b: Flutter Mane|Shadow Ball|p1b: Calyrex\n|-supereffective|p1b: Calyrex\n|-damage|p1b: Calyrex|0 fnt\n|faint|p1b: Calyrex\n|\n|-weather|SunnyDay|[upkeep]\n|upkeep\n|-message|GUCC1M4NECLONE forfeited.\n|\n|win|It'sJustKen VGC\n|raw|GUCC1M4NECLONE's rating: 1175 &rarr; <strong>1157</strong><br />(-18 for losing)\n|raw|It&apos;sJustKen VGC's rating: 1278 &rarr; <strong>1296</strong><br />(+18 for winning)\n|l|\u2606GUCC1M4NECLONE\n|player|p1|\n","uploadtime":1773719941,"views":10,"formatid":"gen9vgc2026regi","rating":1157,"private":0,"password":null}