{"id":"gen9vgc2026regi-2574881115","format":"[Gen 9] VGC 2026 Reg I","players":["novikuh","BanKingambit69247"],"log":"|j|\u2606novikuh\n|j|\u2606BanKingambit69247\n|t:|1775289279\n|gametype|doubles\n|player|p1|novikuh|266|1330\n|player|p2|BanKingambit69247|lucas|1609\n|gen|9\n|tier|[Gen 9] VGC 2026 Reg I\n|rated|\n|rule|Species Clause: Limit one of each Pok\u00e9mon\n|rule|Item Clause: Limit 1 of each item\n|clearpoke\n|poke|p1|Koraidon, L50|\n|poke|p1|Lunala, L50|\n|poke|p1|Flutter Mane, L50|\n|poke|p1|Brute Bonnet, L50|\n|poke|p1|Chi-Yu, L50|\n|poke|p1|Raging Bolt, L50|\n|poke|p2|Calyrex-Shadow, L50|\n|poke|p2|Zamazenta-*, L50|\n|poke|p2|Chien-Pao, L50|\n|poke|p2|Ogerpon-Wellspring, L50, F|\n|poke|p2|Smeargle, L50, F|\n|poke|p2|Indeedee-F, L50, F|\n|teampreview|4\n|inactive|Battle timer is ON: inactive players will automatically lose when time's up. (requested by BanKingambit69247)\n|inactive|novikuh has 60 seconds left.\n|\n|t:|1775289317\n|teamsize|p1|4\n|teamsize|p2|4\n|start\n|switch|p1a: Koraidon|Koraidon, L50, shiny|100/100\n|switch|p1b: Chi-Yu|Chi-Yu, L50, shiny|100/100\n|switch|p2a: \u6211\u5927\u54e5|Smeargle, L50, F|100/100\n|switch|p2b: \u8bf6\u4f60\u600e\u4e48\u6b7b\u4e86?\u267f\u267f\u267f|Calyrex-Shadow, L50|100/100\n|-ability|p2b: \u8bf6\u4f60\u600e\u4e48\u6b7b\u4e86?\u267f\u267f\u267f|As One\n|-ability|p2b: \u8bf6\u4f60\u600e\u4e48\u6b7b\u4e86?\u267f\u267f\u267f|Unnerve\n|-ability|p1b: Chi-Yu|Beads of Ruin\n|-weather|SunnyDay|[from] ability: Orichalcum Pulse|[of] p1a: Koraidon\n|-activate|p1a: Koraidon|Orichalcum Pulse|[source]\n|turn|1\n|j| RedIsMyLegend\n|l| RedIsMyLegend\n|\n|t:|1775289334\n|-terastallize|p2b: \u8bf6\u4f60\u600e\u4e48\u6b7b\u4e86?\u267f\u267f\u267f|Ghost\n|-terastallize|p1a: Koraidon|Fire\n|move|p2a: \u6211\u5927\u54e5|Fake Out|p1b: Chi-Yu\n|-damage|p1b: Chi-Yu|78/100\n|cant|p1b: Chi-Yu|flinch\n|move|p2b: \u8bf6\u4f60\u600e\u4e48\u6b7b\u4e86?\u267f\u267f\u267f|Astral Barrage|p1b: Chi-Yu|[spread] p1a,p1b\n|-crit|p1a: Koraidon\n|-resisted|p1b: Chi-Yu\n|-damage|p1a: Koraidon|0 fnt\n|-damage|p1b: Chi-Yu|9/100\n|faint|p1a: Koraidon\n|-ability|p2b: \u8bf6\u4f60\u600e\u4e48\u6b7b\u4e86?\u267f\u267f\u267f|Grim Neigh|boost\n|-boost|p2b: \u8bf6\u4f60\u600e\u4e48\u6b7b\u4e86?\u267f\u267f\u267f|spa|1\n|\n|-weather|SunnyDay|[upkeep]\n|upkeep\n|\n|t:|1775289349\n|switch|p1a: Flutter Mane|Flutter Mane, L50, shiny|100/100\n|-activate|p1a: Flutter Mane|ability: Protosynthesis\n|-start|p1a: Flutter Mane|protosynthesisspe\n|turn|2\n|\n|t:|1775289358\n|switch|p2b: \u5f3a\u8005\u5c31\u662f\u8981\u7f9e\u8fb1\u5f31\u8005\ud83d\udc36\ud83d\udc36\ud83d\udc36|Zamazenta-Crowned, L50|100/100\n|-ability|p2b: \u5f3a\u8005\u5c31\u662f\u8981\u7f9e\u8fb1\u5f31\u8005\ud83d\udc36\ud83d\udc36\ud83d\udc36|Dauntless Shield|boost\n|-boost|p2b: \u5f3a\u8005\u5c31\u662f\u8981\u7f9e\u8fb1\u5f31\u8005\ud83d\udc36\ud83d\udc36\ud83d\udc36|def|1\n|move|p2a: \u6211\u5927\u54e5|Feint|p1b: Chi-Yu\n|-damage|p1b: Chi-Yu|0 fnt\n|faint|p1b: Chi-Yu\n|move|p1a: Flutter Mane|Icy Wind|p2b: \u5f3a\u8005\u5c31\u662f\u8981\u7f9e\u8fb1\u5f31\u8005\ud83d\udc36\ud83d\udc36\ud83d\udc36|[spread] p2a\n|-miss|p1a: Flutter Mane|p2b: \u5f3a\u8005\u5c31\u662f\u8981\u7f9e\u8fb1\u5f31\u8005\ud83d\udc36\ud83d\udc36\ud83d\udc36\n|-damage|p2a: \u6211\u5927\u54e5|61/100\n|-unboost|p2a: \u6211\u5927\u54e5|spe|1\n|\n|-weather|SunnyDay|[upkeep]\n|upkeep\n|\n|t:|1775289365\n|switch|p1b: Lunala|Lunala, L50, shiny|100/100\n|turn|3\n|-message|novikuh forfeited.\n|\n|win|BanKingambit69247\n|raw|novikuh's rating: 1330 &rarr; <strong>1323</strong><br />(-7 for losing)\n|raw|BanKingambit69247's rating: 1609 &rarr; <strong>1616</strong><br />(+7 for winning)\n|l|\u2606novikuh\n|player|p1|\n","uploadtime":1775289371,"views":11,"formatid":"gen9vgc2026regi","rating":1323,"private":0,"password":null}