{"id":"gen9vgc2026regi-2522641328","format":"[Gen 9] VGC 2026 Reg I","players":["liam.2025","no89"],"log":"|j|\u2606liam.2025\n|j|\u2606no89\n|t:|1768930613\n|gametype|doubles\n|player|p1|liam.2025|policeman|1419\n|player|p2|no89|pokemonbreeder-gen4|1313\n|gen|9\n|tier|[Gen 9] VGC 2026 Reg I\n|rated|\n|rule|Species Clause: Limit one of each Pok\u00e9mon\n|rule|Item Clause: Limit 1 of each item\n|clearpoke\n|poke|p1|Murkrow, L50, M|\n|poke|p1|Weezing-Galar, L50, F|\n|poke|p1|Terapagos, L50, M|\n|poke|p1|Smeargle, L50, M|\n|poke|p1|Calyrex-Ice, L50|\n|poke|p1|Ursaluna, L50, M|\n|poke|p2|Ho-Oh, L50|\n|poke|p2|Zamazenta-*, L50|\n|poke|p2|Rillaboom, L50, F|\n|poke|p2|Ogerpon-Cornerstone, L50, F|\n|poke|p2|Flutter Mane, L50|\n|poke|p2|Chi-Yu, L50|\n|teampreview|4\n|inactive|Battle timer is ON: inactive players will automatically lose when time's up. (requested by liam.2025)\n|\n|t:|1768930663\n|teamsize|p1|4\n|teamsize|p2|4\n|start\n|switch|p1a: Murkrow|Murkrow, L50, M|100/100\n|switch|p1b: Weezing|Weezing-Galar, L50, F|100/100\n|switch|p2a: Ogerpon|Ogerpon-Cornerstone, L50, F|100/100\n|switch|p2b: Chi-Yu|Chi-Yu, L50|100/100\n|-ability|p1b: Weezing|Neutralizing Gas\n|-block|p1a: Murkrow|item: Ability Shield\n|turn|1\n|inactive|liam.2025 has 30 seconds left.\n|inactive|liam.2025 has 20 seconds left.\n|inactive|liam.2025 has 15 seconds left.\n|\n|t:|1768930703\n|move|p1a: Murkrow|Tailwind|p1a: Murkrow\n|-sidestart|p1: liam.2025|move: Tailwind\n|move|p1b: Weezing|Misty Explosion|p2a: Ogerpon|[spread] p1a,p2a,p2b\n|-supereffective|p1a: Murkrow\n|-damage|p1a: Murkrow|0 fnt\n|-damage|p2a: Ogerpon|52/100\n|-damage|p2b: Chi-Yu|56/100\n|faint|p1b: Weezing\n|-end|p1b: Weezing|ability: Neutralizing Gas\n|-ability|p2b: Chi-Yu|Beads of Ruin\n|faint|p1a: Murkrow\n|move|p2a: Ogerpon|Ivy Cudgel|p1: Murkrow|[notarget]\n|-fail|p2a: Ogerpon\n|move|p2b: Chi-Yu|Overheat|p1: Murkrow|[notarget]\n|-fail|p2b: Chi-Yu\n|\n|upkeep\n|\n|t:|1768930716\n|switch|p1b: Smeargle|Smeargle, L50, M|100/100\n|switch|p1a: Terapagos|Terapagos, L50, M|100/100\n|-activate|p1a: Terapagos|ability: Tera Shift\n|detailschange|p1a: Terapagos|Terapagos-Terastal, L50, M\n|-heal|p1a: Terapagos|100/100|[silent]\n|turn|2\n|\n|t:|1768930739\n|-terastallize|p1a: Terapagos|Stellar\n|detailschange|p1a: Terapagos|Terapagos-Stellar, L50, M, tera:Stellar\n|-heal|p1a: Terapagos|100/100|[silent]\n|move|p2a: Ogerpon|Follow Me|p2a: Ogerpon\n|-singleturn|p2a: Ogerpon|move: Follow Me\n|move|p1b: Smeargle|Decorate|p2a: Ogerpon\n|-boost|p2a: Ogerpon|atk|2\n|-boost|p2a: Ogerpon|spa|2\n|move|p1a: Terapagos|Tera Starstorm|p2a: Ogerpon|[spread] p2a,p2b\n|-damage|p2a: Ogerpon|0 fnt\n|-damage|p2b: Chi-Yu|0 fnt\n|faint|p2a: Ogerpon\n|faint|p2b: Chi-Yu\n|\n|upkeep\n|\n|t:|1768930750\n|switch|p2a: Zamazenta|Zamazenta-Crowned, L50|100/100\n|switch|p2b: Ho-Oh|Ho-Oh, L50|100/100\n|-ability|p2a: Zamazenta|Dauntless Shield|boost\n|-boost|p2a: Zamazenta|def|1\n|turn|3\n|\n|t:|1768930765\n|move|p2a: Zamazenta|Wide Guard|p2a: Zamazenta\n|-singleturn|p2a: Zamazenta|Wide Guard\n|move|p1b: Smeargle|Decorate|p1a: Terapagos\n|-boost|p1a: Terapagos|atk|2\n|-boost|p1a: Terapagos|spa|2\n|move|p1a: Terapagos|Tera Starstorm|p2a: Zamazenta|[spread] \n|-activate|p2a: Zamazenta|move: Wide Guard\n|-activate|p2b: Ho-Oh|move: Wide Guard\n|move|p2b: Ho-Oh|Sacred Fire|p1b: Smeargle\n|-enditem|p1b: Smeargle|Focus Sash\n|-damage|p1b: Smeargle|1/100\n|-status|p1b: Smeargle|brn\n|\n|-damage|p1b: Smeargle|0 fnt|[from] brn\n|faint|p1b: Smeargle\n|upkeep\n|turn|4\n|inactive|liam.2025 has 30 seconds left.\n|-message|liam.2025 forfeited.\n|\n|win|no89\n|raw|liam.2025's rating: 1419 &rarr; <strong>1393</strong><br />(-26 for losing)\n|raw|no89's rating: 1313 &rarr; <strong>1339</strong><br />(+26 for winning)\n|l|\u2606liam.2025\n|player|p1|\n","uploadtime":1768931039,"views":12,"formatid":"gen9vgc2026regi","rating":1339,"private":0,"password":null}