{"id":"gen9vgc2026regi-2532602122","format":"[Gen 9] VGC 2026 Reg I","players":["VJ2511","timburr fan"],"log":"|j|\u2606VJ2511\n|j|\u2606timburr fan\n|t:|1770203914\n|gametype|doubles\n|player|p1|VJ2511|red-masters3|1442\n|player|p2|timburr fan|265|1398\n|gen|9\n|tier|[Gen 9] VGC 2026 Reg I\n|rated|\n|rule|Species Clause: Limit one of each Pok\u00e9mon\n|rule|Item Clause: Limit 1 of each item\n|clearpoke\n|poke|p1|Calyrex-Shadow, L50|\n|poke|p1|Zamazenta-*, L50|\n|poke|p1|Chien-Pao, L50|\n|poke|p1|Dragonite, L50, M|\n|poke|p1|Raging Bolt, L50|\n|poke|p1|Amoonguss, L50, M|\n|poke|p2|Calyrex-Shadow, L50|\n|poke|p2|Miraidon, L50|\n|poke|p2|Whimsicott, L50, M|\n|poke|p2|Incineroar, L50, F|\n|poke|p2|Amoonguss, L50, F|\n|poke|p2|Ogerpon-Wellspring, L50, F|\n|teampreview|4\n|inactive|Battle timer is ON: inactive players will automatically lose when time's up. (requested by VJ2511)\n|\n|t:|1770203928\n|teamsize|p1|4\n|teamsize|p2|4\n|start\n|switch|p1a: Zamazenta|Zamazenta-Crowned, L50|100/100\n|switch|p1b: Chien-Pao|Chien-Pao, L50|100/100\n|switch|p2a: Calyrex|Calyrex-Shadow, L50|100/100\n|switch|p2b: Ogerpon|Ogerpon-Wellspring, L50, F|100/100\n|-ability|p2a: Calyrex|As One\n|-ability|p2a: Calyrex|Unnerve\n|-ability|p1b: Chien-Pao|Sword of Ruin\n|-ability|p1a: Zamazenta|Dauntless Shield|boost\n|-boost|p1a: Zamazenta|def|1\n|turn|1\n|inactive|timburr fan has 30 seconds left.\n|inactive|timburr fan has 20 seconds left.\n|\n|t:|1770203965\n|move|p2b: Ogerpon|Follow Me|p2b: Ogerpon\n|-singleturn|p2b: Ogerpon|move: Follow Me\n|move|p2a: Calyrex|Nasty Plot|p2a: Calyrex\n|-boost|p2a: Calyrex|spa|2\n|move|p1b: Chien-Pao|Icy Wind|p2b: Ogerpon|[spread] p2a,p2b\n|-damage|p2a: Calyrex|87/100\n|-damage|p2b: Ogerpon|89/100\n|-unboost|p2a: Calyrex|spe|1\n|-unboost|p2b: Ogerpon|spe|1\n|move|p1a: Zamazenta|Body Press|p2b: Ogerpon\n|-damage|p2b: Ogerpon|0 fnt\n|faint|p2b: Ogerpon\n|\n|upkeep\n|\n|t:|1770203989\n|switch|p2b: Miraidon|Miraidon, L50|100/100\n|-fieldstart|move: Electric Terrain|[from] ability: Hadron Engine|[of] p2b: Miraidon\n|turn|2\n|\n|t:|1770204005\n|move|p1b: Chien-Pao|Ice Spinner|p2b: Miraidon\n|-supereffective|p2b: Miraidon\n|-damage|p2b: Miraidon|4/100\n|-fieldend|move: Electric Terrain\n|move|p2b: Miraidon|Volt Switch|p1b: Chien-Pao\n|-damage|p1b: Chien-Pao|48/100\n|\n|t:|1770204012\n|switch|p2b: Whimsicott|Whimsicott, L50, M|100/100|[from] Volt Switch\n|move|p1a: Zamazenta|Body Press|p2b: Whimsicott\n|-resisted|p2b: Whimsicott\n|-damage|p2b: Whimsicott|62/100\n|move|p2a: Calyrex|Astral Barrage|p1b: Chien-Pao|[spread] p1a,p1b\n|-resisted|p1b: Chien-Pao\n|-damage|p1a: Zamazenta|35/100\n|-damage|p1b: Chien-Pao|0 fnt\n|faint|p1b: Chien-Pao\n|-ability|p2a: Calyrex|Grim Neigh|boost\n|-boost|p2a: Calyrex|spa|1\n|\n|upkeep\n|\n|t:|1770204016\n|switch|p1b: Calyrex|Calyrex-Shadow, L50|100/100\n|-ability|p1b: Calyrex|As One\n|-ability|p1b: Calyrex|Unnerve\n|turn|3\n|\n|t:|1770204037\n|-terastallize|p1b: Calyrex|Ghost\n|move|p1a: Zamazenta|Wide Guard|p1a: Zamazenta\n|-singleturn|p1a: Zamazenta|Wide Guard\n|move|p2b: Whimsicott|Tailwind|p2b: Whimsicott\n|-sidestart|p2: timburr fan|move: Tailwind\n|move|p2a: Calyrex|Astral Barrage|p1b: Calyrex|[spread] \n|-activate|p1a: Zamazenta|move: Wide Guard\n|-activate|p1b: Calyrex|move: Wide Guard\n|move|p1b: Calyrex|Astral Barrage|p2a: Calyrex|[spread] p2a,p2b\n|-supereffective|p2a: Calyrex\n|-damage|p2a: Calyrex|0 fnt\n|-damage|p2b: Whimsicott|0 fnt\n|faint|p2a: Calyrex\n|faint|p2b: Whimsicott\n|-ability|p1b: Calyrex|Grim Neigh|boost\n|-boost|p1b: Calyrex|spa|2\n|\n|upkeep\n|c|\u2606VJ2511|gg\n|-message|timburr fan forfeited.\n|\n|win|VJ2511\n|raw|VJ2511's rating: 1442 &rarr; <strong>1459</strong><br />(+17 for winning)\n|raw|timburr fan's rating: 1398 &rarr; <strong>1381</strong><br />(-17 for losing)\n|l|\u2606timburr fan\n|player|p2|\n|l|\u2606VJ2511\n|player|p1|\n","uploadtime":1770204269,"views":15,"formatid":"gen9vgc2026regi","rating":1381,"private":0,"password":null}