{"id":"gen9vgc2026regi-2577412844","format":"[Gen 9] VGC 2026 Reg I","players":["Bibas Rozkurwiator","Pokemonst3r"],"log":"|j|\u2606Bibas Rozkurwiator\n|j|\u2606Pokemonst3r\n|t:|1775575025\n|gametype|doubles\n|player|p1|Bibas Rozkurwiator|gentleman|1465\n|player|p2|Pokemonst3r|169|1567\n|gen|9\n|tier|[Gen 9] VGC 2026 Reg I\n|rated|\n|rule|Species Clause: Limit one of each Pok\u00e9mon\n|rule|Item Clause: Limit 1 of each item\n|clearpoke\n|poke|p1|Raging Bolt, L50|\n|poke|p1|Calyrex-Shadow, L50|\n|poke|p1|Brute Bonnet, L50|\n|poke|p1|Chi-Yu, L50|\n|poke|p1|Koraidon, L50|\n|poke|p1|Weezing-Galar, L50, F|\n|poke|p2|Chien-Pao, L50|\n|poke|p2|Calyrex-Shadow, L50|\n|poke|p2|Dondozo, L50, M|\n|poke|p2|Zamazenta-*, L50|\n|poke|p2|Dragonite, L50, F|\n|poke|p2|Tatsugiri, L50, M|\n|teampreview|4\n|inactive|Battle timer is ON: inactive players will automatically lose when time's up. (requested by Pokemonst3r)\n|inactive|Bibas Rozkurwiator also wants the timer to be on.\n|inactive|Bibas Rozkurwiator has 60 seconds left.\n|\n|t:|1775575059\n|teamsize|p1|4\n|teamsize|p2|4\n|start\n|switch|p1a: Calyrex|Calyrex-Shadow, L50|100/100\n|switch|p1b: Chi-Yu|Chi-Yu, L50|100/100\n|switch|p2a: Chien-Pao|Chien-Pao, L50|100/100\n|switch|p2b: Zamazenta|Zamazenta-Crowned, L50|100/100\n|-ability|p1a: Calyrex|As One\n|-ability|p1a: Calyrex|Unnerve\n|-ability|p1b: Chi-Yu|Beads of Ruin\n|-ability|p2a: Chien-Pao|Sword of Ruin\n|-ability|p2b: Zamazenta|Dauntless Shield|boost\n|-boost|p2b: Zamazenta|def|1\n|turn|1\n|inactive|Pokemonst3r has 30 seconds left.\n|\n|t:|1775575093\n|-terastallize|p2b: Zamazenta|Dragon\n|move|p2a: Chien-Pao|Sucker Punch|p1a: Calyrex\n|-supereffective|p1a: Calyrex\n|-enditem|p1a: Calyrex|Focus Sash\n|-damage|p1a: Calyrex|1/100\n|move|p1b: Chi-Yu|Heat Wave|p2a: Chien-Pao|[spread] p2a,p2b\n|-supereffective|p2a: Chien-Pao\n|-resisted|p2b: Zamazenta\n|-enditem|p2a: Chien-Pao|Focus Sash\n|-damage|p2a: Chien-Pao|1/100\n|-damage|p2b: Zamazenta|81/100\n|move|p1a: Calyrex|Astral Barrage|p2a: Chien-Pao|[spread] p2a,p2b\n|-resisted|p2a: Chien-Pao\n|-damage|p2a: Chien-Pao|0 fnt\n|-damage|p2b: Zamazenta|28/100\n|faint|p2a: Chien-Pao\n|-ability|p1a: Calyrex|Grim Neigh|boost\n|-boost|p1a: Calyrex|spa|1\n|move|p2b: Zamazenta|Body Press|p1b: Chi-Yu\n|-supereffective|p1b: Chi-Yu\n|-damage|p1b: Chi-Yu|0 fnt\n|faint|p1b: Chi-Yu\n|\n|upkeep\n|\n|t:|1775575112\n|switch|p2a: Calyrex|Calyrex-Shadow, L50|100/100\n|switch|p1b: Brute Bonnet|Brute Bonnet, L50|100/100\n|-ability|p2a: Calyrex|As One\n|-ability|p2a: Calyrex|Unnerve\n|turn|2\n|\n|t:|1775575131\n|move|p2b: Zamazenta|Wide Guard|p2b: Zamazenta\n|-singleturn|p2b: Zamazenta|Wide Guard\n|move|p1b: Brute Bonnet|Sucker Punch||[still]\n|-fail|p1b: Brute Bonnet\n|move|p2a: Calyrex|Trick|p1b: Brute Bonnet\n|-activate|p2a: Calyrex|move: Trick|[of] p1b: Brute Bonnet\n|-item|p1b: Brute Bonnet|Choice Scarf|[from] move: Trick\n|-item|p2a: Calyrex|Covert Cloak|[from] move: Trick\n|move|p1a: Calyrex|Astral Barrage|p2a: Calyrex|[spread] \n|-activate|p2a: Calyrex|move: Wide Guard\n|-activate|p2b: Zamazenta|move: Wide Guard\n|\n|upkeep\n|turn|3\n|\n|t:|1775575155\n|move|p1b: Brute Bonnet|Sucker Punch|p2a: Calyrex\n|-supereffective|p2a: Calyrex\n|-damage|p2a: Calyrex|0 fnt\n|faint|p2a: Calyrex\n|move|p1a: Calyrex|Psychic|p2b: Zamazenta\n|-damage|p2b: Zamazenta|0 fnt\n|faint|p2b: Zamazenta\n|-ability|p1a: Calyrex|Grim Neigh|boost\n|-boost|p1a: Calyrex|spa|1\n|\n|upkeep\n|-message|Pokemonst3r forfeited.\n|\n|win|Bibas Rozkurwiator\n|raw|Bibas Rozkurwiator's rating: 1465 &rarr; <strong>1491</strong><br />(+26 for winning)\n|raw|Pokemonst3r's rating: 1567 &rarr; <strong>1541</strong><br />(-26 for losing)\n|l|\u2606Pokemonst3r\n|player|p2|\n|l|\u2606Bibas Rozkurwiator\n|player|p1|\n|j| niaoren\n|l| niaoren\n|j| niaoren\n|l| niaoren\n|j|\u2606Bibas Rozkurwiator\n|player|p1|Bibas Rozkurwiator|gentleman|\n","uploadtime":1775575482,"views":14,"formatid":"gen9vgc2026regi","rating":1491,"private":0,"password":null}