{"id":"gen9vgc2026regi-2576581268","format":"[Gen 9] VGC 2026 Reg I","players":["Realphoenixking","Galact7adi"],"log":"|j|\u2606Realphoenixking\n|j|\u2606Galact7adi\n|t:|1775489441\n|gametype|doubles\n|player|p1|Realphoenixking|ghetsis-gen5bw|1432\n|player|p2|Galact7adi|hilbert|1493\n|gen|9\n|tier|[Gen 9] VGC 2026 Reg I\n|rated|\n|rule|Species Clause: Limit one of each Pok\u00e9mon\n|rule|Item Clause: Limit 1 of each item\n|clearpoke\n|poke|p1|Whimsicott, L50, F|\n|poke|p1|Miraidon, L50|\n|poke|p1|Ursaluna, L50, F|\n|poke|p1|Incineroar, L50, M|\n|poke|p1|Urshifu-*, L50, F|\n|poke|p1|Lunala, L50|\n|poke|p2|Calyrex-Ice, L50|\n|poke|p2|Scraggy, L50, F|\n|poke|p2|Miraidon, L50|\n|poke|p2|Farigiraf, L50, F|\n|poke|p2|Iron Treads, L50|\n|poke|p2|Iron Hands, L50|\n|teampreview|4\n|inactive|Battle timer is ON: inactive players will automatically lose when time's up. (requested by Galact7adi)\n|inactive|Realphoenixking has 60 seconds left.\n|inactive|Galact7adi has 60 seconds left.\n|\n|t:|1775489483\n|teamsize|p1|4\n|teamsize|p2|4\n|start\n|switch|p1a: Whimsicott|Whimsicott, L50, F|100/100\n|switch|p1b: Urshifu|Urshifu-Rapid-Strike, L50, F|100/100\n|switch|p2a: Farigiraf|Farigiraf, L50, F|100/100\n|switch|p2b: Miraidon|Miraidon, L50|100/100\n|-fieldstart|move: Electric Terrain|[from] ability: Hadron Engine|[of] p2b: Miraidon\n|-enditem|p2a: Farigiraf|Electric Seed\n|-boost|p2a: Farigiraf|def|1|[from] item: Electric Seed\n|turn|1\n|inactive|Realphoenixking has 30 seconds left.\n|\n|t:|1775489518\n|-terastallize|p1b: Urshifu|Ghost\n|-terastallize|p2a: Farigiraf|Water\n|move|p1a: Whimsicott|Moonblast|p2a: Farigiraf\n|-damage|p2a: Farigiraf|76/100\n|move|p2b: Miraidon|Volt Switch|p1b: Urshifu\n|-damage|p1b: Urshifu|0 fnt\n|faint|p1b: Urshifu\n|\n|t:|1775489527\n|switch|p2b: Calyrex|Calyrex-Ice, L50|100/100|[from] Volt Switch\n|-ability|p2b: Calyrex|As One\n|-ability|p2b: Calyrex|Unnerve\n|move|p2a: Farigiraf|Trick Room|p2a: Farigiraf\n|-fieldstart|move: Trick Room|[of] p2a: Farigiraf\n|\n|upkeep\n|\n|t:|1775489532\n|switch|p1b: Incineroar|Incineroar, L50, M|100/100\n|-ability|p1b: Incineroar|Intimidate|boost\n|-unboost|p2a: Farigiraf|atk|1\n|-fail|p2b: Calyrex|unboost|[from] item: Clear Amulet|[of] p2b: Calyrex\n|turn|2\n|\n|t:|1775489540\n|switch|p1a: Lunala|Lunala, L50|100/100\n|-enditem|p1a: Lunala|Electric Seed\n|-boost|p1a: Lunala|def|1|[from] item: Electric Seed\n|move|p2a: Farigiraf|Helping Hand|p2b: Calyrex\n|-singleturn|p2b: Calyrex|Helping Hand|[of] p2a: Farigiraf\n|move|p2b: Calyrex|High Horsepower|p1b: Incineroar\n|-supereffective|p1b: Incineroar\n|-damage|p1b: Incineroar|0 fnt\n|faint|p1b: Incineroar\n|-ability|p2b: Calyrex|Chilling Neigh|boost\n|-boost|p2b: Calyrex|atk|1\n|\n|upkeep\n|\n|t:|1775489553\n|switch|p1b: Whimsicott|Whimsicott, L50, F|100/100\n|turn|3\n|\n|t:|1775489558\n|move|p2b: Calyrex|Glacial Lance|p1a: Lunala|[spread] p1a,p1b\n|-supereffective|p1b: Whimsicott\n|-damage|p1a: Lunala|77/100\n|-damage|p1b: Whimsicott|0 fnt\n|faint|p1b: Whimsicott\n|-ability|p2b: Calyrex|Chilling Neigh|boost\n|-boost|p2b: Calyrex|atk|1\n|move|p2a: Farigiraf|Foul Play|p1a: Lunala\n|-supereffective|p1a: Lunala\n|-damage|p1a: Lunala|30/100\n|move|p1a: Lunala|Moongeist Beam|p2b: Calyrex\n|-supereffective|p2b: Calyrex\n|-damage|p2b: Calyrex|18/100\n|\n|upkeep\n|turn|4\n|\n|t:|1775489565\n|move|p2b: Calyrex|High Horsepower|p1a: Lunala\n|-damage|p1a: Lunala|0 fnt\n|faint|p1a: Lunala\n|\n|win|Galact7adi\n|raw|Realphoenixking's rating: 1432 &rarr; <strong>1415</strong><br />(-17 for losing)\n|raw|Galact7adi's rating: 1493 &rarr; <strong>1510</strong><br />(+17 for winning)\n|c|\u2606Galact7adi|Gg wp\n|l|\u2606Galact7adi\n|player|p2|\n","uploadtime":1775489575,"views":88,"formatid":"gen9vgc2026regi","rating":1415,"private":0,"password":null}