{"id":"gen9vgc2026regi-2514788279","format":"[Gen 9] VGC 2026 Reg I","players":["j0l0k0","igrisgoogoodolls"],"log":"|j|\u2606j0l0k0\n|j|\u2606igrisgoogoodolls\n|t:|1767907832\n|gametype|doubles\n|player|p1|j0l0k0|266|1218\n|player|p2|igrisgoogoodolls|266|1163\n|gen|9\n|tier|[Gen 9] VGC 2026 Reg I\n|rated|\n|rule|Species Clause: Limit one of each Pok\u00e9mon\n|rule|Item Clause: Limit 1 of each item\n|clearpoke\n|poke|p1|Calyrex-Ice, L50|\n|poke|p1|Kyogre, L50|\n|poke|p1|Indeedee-F, L50, F|\n|poke|p1|Urshifu-*, L50, F|\n|poke|p1|Amoonguss, L50, F|\n|poke|p1|Annihilape, L50, F|\n|poke|p2|Gholdengo, L50|\n|poke|p2|Farigiraf, L50, M|\n|poke|p2|Ursaluna, L50, M|\n|poke|p2|Suicune, L50|\n|poke|p2|Sableye, L50, M|\n|poke|p2|Lycanroc-Midnight, L50, F|\n|teampreview|4\n|inactive|Battle timer is ON: inactive players will automatically lose when time's up. (requested by j0l0k0)\n|inactive|igrisgoogoodolls has 60 seconds left.\n|\n|t:|1767907866\n|teamsize|p1|4\n|teamsize|p2|4\n|start\n|switch|p1a: Indeedee|Indeedee-F, L50, F, shiny|100/100\n|switch|p1b: Calyrex|Calyrex-Ice, L50|100/100\n|switch|p2a: Sableye|Sableye, L50, M|100/100\n|switch|p2b: Lycanroc|Lycanroc-Midnight, L50, F|100/100\n|-ability|p1b: Calyrex|As One\n|-ability|p1b: Calyrex|Unnerve\n|-fieldstart|move: Psychic Terrain|[from] ability: Psychic Surge|[of] p1a: Indeedee\n|turn|1\n|\n|t:|1767907883\n|move|p1a: Indeedee|Follow Me|p1a: Indeedee\n|-singleturn|p1a: Indeedee|move: Follow Me\n|move|p2b: Lycanroc|Sucker Punch||[still]\n|-fail|p2b: Lycanroc\n|move|p2a: Sableye|Skill Swap|p1a: Indeedee\n|-activate|p1a: Indeedee|move: Psychic Terrain\n|move|p1b: Calyrex|Glacial Lance|p2a: Sableye|[spread] p2a,p2b\n|-damage|p2a: Sableye|26/100\n|-damage|p2b: Lycanroc|20/100\n|\n|-heal|p2b: Lycanroc|27/100|[from] item: Leftovers\n|upkeep\n|turn|2\n|inactive|igrisgoogoodolls has 30 seconds left.\n|inactive|igrisgoogoodolls has 20 seconds left.\n|inactive|igrisgoogoodolls has 15 seconds left.\n|\n|t:|1767907923\n|move|p2a: Sableye|Protect|p2a: Sableye\n|-singleturn|p2a: Sableye|Protect\n|move|p1a: Indeedee|Follow Me|p1a: Indeedee\n|-singleturn|p1a: Indeedee|move: Follow Me\n|move|p2b: Lycanroc|Rock Slide|p1a: Indeedee|[spread] p1a,p1b\n|-supereffective|p1b: Calyrex\n|-crit|p1b: Calyrex\n|-damage|p1a: Indeedee|72/100\n|-damage|p1b: Calyrex|48/100\n|move|p1b: Calyrex|Trick Room|p1b: Calyrex\n|-fieldstart|move: Trick Room|[of] p1b: Calyrex\n|\n|-heal|p2b: Lycanroc|33/100|[from] item: Leftovers\n|upkeep\n|turn|3\n|inactive|igrisgoogoodolls has 30 seconds left.\n|\n|t:|1767907954\n|move|p1a: Indeedee|Follow Me|p1a: Indeedee\n|-singleturn|p1a: Indeedee|move: Follow Me\n|move|p2a: Sableye|Taunt|p1a: Indeedee\n|-activate|p1a: Indeedee|move: Psychic Terrain\n|move|p2b: Lycanroc|Sucker Punch||[still]\n|-fail|p2b: Lycanroc\n|move|p1b: Calyrex|Glacial Lance|p2b: Lycanroc|[spread] p2a,p2b\n|-damage|p2a: Sableye|0 fnt\n|-damage|p2b: Lycanroc|0 fnt\n|faint|p2a: Sableye\n|faint|p2b: Lycanroc\n|-ability|p1b: Calyrex|Chilling Neigh|boost\n|-boost|p1b: Calyrex|atk|2\n|\n|upkeep\n|\n|t:|1767907975\n|switch|p2a: Suicune|Suicune, L50|100/100\n|switch|p2b: Farigiraf|Farigiraf, L50, M|100/100\n|-ability|p2a: Suicune|Pressure\n|turn|4\n|-message|igrisgoogoodolls forfeited.\n|\n|win|j0l0k0\n|raw|j0l0k0's rating: 1218 &rarr; <strong>1239</strong><br />(+21 for winning)\n|raw|igrisgoogoodolls's rating: 1163 &rarr; <strong>1142</strong><br />(-21 for losing)\n|l|\u2606igrisgoogoodolls\n|player|p2|\n|l|\u2606j0l0k0\n|player|p1|\n","uploadtime":1767908245,"views":15,"formatid":"gen9vgc2026regi","rating":1142,"private":0,"password":null}