{"id":"gen9vgc2026regi-2587004645","format":"[Gen 9] VGC 2026 Reg I","players":["TheNamesBetty","bjrcjggjhvb"],"log":"|j|\u2606TheNamesBetty\n|j|\u2606bjrcjggjhvb\n|t:|1776480328\n|gametype|doubles\n|player|p1|TheNamesBetty|koga|1448\n|player|p2|bjrcjggjhvb|2|1536\n|gen|9\n|tier|[Gen 9] VGC 2026 Reg I\n|rated|\n|rule|Species Clause: Limit one of each Pok\u00e9mon\n|rule|Item Clause: Limit 1 of each item\n|clearpoke\n|poke|p1|Terapagos, L50, M|\n|poke|p1|Miraidon, L50|\n|poke|p1|Incineroar, L50, M|\n|poke|p1|Sinistcha, L50|\n|poke|p1|Smeargle, L50, M|\n|poke|p1|Gouging Fire, L50|\n|poke|p2|Calyrex-Ice, L50|\n|poke|p2|Kyogre, L50|\n|poke|p2|Farigiraf, L50, M|\n|poke|p2|Slowking-Galar, L50, F|\n|poke|p2|Porygon2, L50|\n|poke|p2|Clodsire, L50, M|\n|teampreview|4\n|inactive|Battle timer is ON: inactive players will automatically lose when time's up. (requested by bjrcjggjhvb)\nbjrcjggjhvb rejected open team sheets.\n|\n|t:|1776480356\n|teamsize|p1|4\n|teamsize|p2|4\n|start\n|switch|p1a: Dead Parrot|Miraidon, L50|100/100\n|switch|p1b: MontyPythonFlying|Terapagos, L50, M|100/100\n|switch|p2a: Farigiraf|Farigiraf, L50, M|100/100\n|switch|p2b: Calyrex|Calyrex-Ice, L50|100/100\n|-activate|p1b: MontyPythonFlying|ability: Tera Shift\n|detailschange|p1b: MontyPythonFlying|Terapagos-Terastal, L50, M\n|-heal|p1b: MontyPythonFlying|100/100|[silent]\n|-ability|p2b: Calyrex|As One\n|-ability|p2b: Calyrex|Unnerve\n|-fieldstart|move: Electric Terrain|[from] ability: Hadron Engine|[of] p1a: Dead Parrot\n|-enditem|p1b: MontyPythonFlying|Electric Seed\n|-boost|p1b: MontyPythonFlying|def|1|[from] item: Electric Seed\n|turn|1\n|\n|t:|1776480372\n|-terastallize|p2a: Farigiraf|Dragon\n|move|p2b: Calyrex|Protect|p2b: Calyrex\n|-singleturn|p2b: Calyrex|Protect\n|move|p1a: Dead Parrot|Volt Switch|p2b: Calyrex\n|-activate|p2b: Calyrex|move: Protect\n|move|p1b: MontyPythonFlying|Calm Mind|p1b: MontyPythonFlying\n|-boost|p1b: MontyPythonFlying|spa|1\n|-boost|p1b: MontyPythonFlying|spd|1\n|move|p2a: Farigiraf|Trick Room|p2a: Farigiraf\n|-fieldstart|move: Trick Room|[of] p2a: Farigiraf\n|\n|upkeep\n|turn|2\n|\n|t:|1776480397\n|switch|p1a: Message4YouSir|Incineroar, L50, M|100/100\n|-ability|p1a: Message4YouSir|Intimidate|boost\n|-unboost|p2a: Farigiraf|atk|1\n|-unboost|p2b: Calyrex|atk|1\n|move|p2b: Calyrex|Glacial Lance|p1a: Message4YouSir|[spread] p1a,p1b\n|-resisted|p1a: Message4YouSir\n|-activate|p1b: MontyPythonFlying|ability: Tera Shell\n|-resisted|p1b: MontyPythonFlying\n|-damage|p1a: Message4YouSir|81/100\n|-damage|p1b: MontyPythonFlying|89/100\n|-damage|p2b: Calyrex|91/100|[from] item: Life Orb\n|move|p2a: Farigiraf|Psychic|p1b: MontyPythonFlying\n|-damage|p1b: MontyPythonFlying|70/100\n|move|p1b: MontyPythonFlying|Calm Mind|p1b: MontyPythonFlying\n|-boost|p1b: MontyPythonFlying|spa|1\n|-boost|p1b: MontyPythonFlying|spd|1\n|\n|upkeep\n|turn|3\n|inactive|TheNamesBetty has 30 seconds left.\n|\n|t:|1776480427\n|switch|p2a: Slowking|Slowking-Galar, L50, F|100/100\n|-clearboost|p2b: Calyrex|[from] ability: Curious Medicine|[of] p2a: Slowking\n|move|p2b: Calyrex|Close Combat|p1b: MontyPythonFlying\n|-supereffective|p1b: MontyPythonFlying\n|-damage|p1b: MontyPythonFlying|0 fnt\n|-unboost|p2b: Calyrex|def|1\n|-unboost|p2b: Calyrex|spd|1\n|faint|p1b: MontyPythonFlying\n|-ability|p2b: Calyrex|Chilling Neigh|boost\n|-boost|p2b: Calyrex|atk|1\n|-damage|p2b: Calyrex|81/100|[from] item: Life Orb\n|move|p1a: Message4YouSir|U-turn|p2a: Slowking\n|-damage|p2a: Slowking|81/100\n|c|\u2606TheNamesBetty|Should have expected that\n|inactive|TheNamesBetty has 30 seconds left.\n|\n|t:|1776480456\n|switch|p1a: Dead Parrot|Miraidon, L50|100/100|[from] U-turn\n|-activate|p1a: Dead Parrot|ability: Hadron Engine\n|\n|-heal|p2a: Slowking|87/100|[from] item: Leftovers\n|upkeep\n|\n|t:|1776480463\n|switch|p1b: Message4YouSir|Incineroar, L50, M|81/100\n|-ability|p1b: Message4YouSir|Intimidate|boost\n|-unboost|p2a: Slowking|atk|1\n|-unboost|p2b: Calyrex|atk|1\n|turn|4\n|inactive|TheNamesBetty has 30 seconds left.\n|inactive|TheNamesBetty has 20 seconds left.\n|\n|t:|1776480499\n|switch|p2a: Farigiraf|Farigiraf, L50, M, tera:Dragon|100/100\n|move|p1b: Message4YouSir|Fake Out||[still]\n|cant|p2a: Farigiraf|ability: Armor Tail|Fake Out|[of] p1b: Message4YouSir\n|move|p2b: Calyrex|Glacial Lance|p1a: Dead Parrot|[spread] p1a,p1b\n|-supereffective|p1a: Dead Parrot\n|-resisted|p1b: Message4YouSir\n|-damage|p1a: Dead Parrot|0 fnt\n|-damage|p1b: Message4YouSir|51/100\n|faint|p1a: Dead Parrot\n|-ability|p2b: Calyrex|Chilling Neigh|boost\n|-boost|p2b: Calyrex|atk|1\n|-damage|p2b: Calyrex|72/100|[from] item: Life Orb\n|\n|upkeep\n|-message|TheNamesBetty forfeited.\n|\n|win|bjrcjggjhvb\n|raw|TheNamesBetty's rating: 1448 &rarr; <strong>1433</strong><br />(-15 for losing)\n|raw|bjrcjggjhvb's rating: 1536 &rarr; <strong>1551</strong><br />(+15 for winning)\n|l|\u2606TheNamesBetty\n|player|p1|\n|l|\u2606bjrcjggjhvb\n|player|p2|\n","uploadtime":1776480737,"views":9,"formatid":"gen9vgc2026regi","rating":1433,"private":0,"password":null}