{"id":"gen9vgc2026regi-2565474839","format":"[Gen 9] VGC 2026 Reg I","players":["JoeBro8","dawillys"],"log":"|j|\u2606JoeBro8\n|j|\u2606dawillys\n|t:|1774278494\n|gametype|doubles\n|player|p1|JoeBro8|n|1418\n|player|p2|dawillys|170|1337\n|gen|9\n|tier|[Gen 9] VGC 2026 Reg I\n|rated|\n|rule|Species Clause: Limit one of each Pok\u00e9mon\n|rule|Item Clause: Limit 1 of each item\n|clearpoke\n|poke|p1|Koraidon, L50|\n|poke|p1|Flutter Mane, L50|\n|poke|p1|Chi-Yu, L50|\n|poke|p1|Lunala, L50|\n|poke|p1|Ursaluna, L50, M|\n|poke|p1|Brute Bonnet, L50|\n|poke|p2|Calyrex-Ice, L50|\n|poke|p2|Miraidon, L50|\n|poke|p2|Thundurus, L50, M|\n|poke|p2|Iron Boulder, L50|\n|poke|p2|Chien-Pao, L50|\n|poke|p2|Whimsicott, L50, F|\n|teampreview|4\n|l|\u2606dawillys\n|player|p2|\n|j|\u2606dawillys\n|player|p2|dawillys|170|\n|\n|t:|1774278544\n|teamsize|p1|4\n|teamsize|p2|4\n|start\n|switch|p1a: Lunala|Lunala, L50|100/100\n|switch|p1b: Chi-Yu|Chi-Yu, L50|100/100\n|switch|p2a: Miraidon|Miraidon, L50|100/100\n|switch|p2b: Iron Boulder|Iron Boulder, L50|100/100\n|-ability|p1b: Chi-Yu|Beads of Ruin\n|-fieldstart|move: Electric Terrain|[from] ability: Hadron Engine|[of] p2a: Miraidon\n|-activate|p2b: Iron Boulder|ability: Quark Drive\n|-start|p2b: Iron Boulder|quarkdrivespe\n|turn|1\n|\n|t:|1774278565\n|move|p2b: Iron Boulder|Mighty Cleave|p1b: Chi-Yu\n|-supereffective|p1b: Chi-Yu\n|-damage|p1b: Chi-Yu|0 fnt\n|faint|p1b: Chi-Yu\n|move|p2a: Miraidon|Electro Drift|p1a: Lunala\n|-damage|p1a: Lunala|63/100\n|-damage|p2a: Miraidon|91/100|[from] item: Life Orb\n|move|p1a: Lunala|Trick Room|p1a: Lunala\n|-fieldstart|move: Trick Room|[of] p1a: Lunala\n|\n|upkeep\n|\n|t:|1774278580\n|switch|p1b: Koraidon|Koraidon, L50|100/100\n|-weather|SunnyDay|[from] ability: Orichalcum Pulse|[of] p1b: Koraidon\n|-activate|p1b: Koraidon|Orichalcum Pulse|[source]\n|turn|2\n|\n|t:|1774278600\n|move|p1a: Lunala|Moongeist Beam|p2b: Iron Boulder\n|-supereffective|p2b: Iron Boulder\n|-damage|p2b: Iron Boulder|0 fnt\n|faint|p2b: Iron Boulder\n|-end|p2b: Iron Boulder|Quark Drive|[silent]\n|move|p1b: Koraidon|Close Combat|p2a: Miraidon\n|-damage|p2a: Miraidon|0 fnt\n|-unboost|p1b: Koraidon|def|1\n|-unboost|p1b: Koraidon|spd|1\n|faint|p2a: Miraidon\n|-damage|p1b: Koraidon|91/100|[from] item: Life Orb\n|\n|-weather|SunnyDay|[upkeep]\n|upkeep\n|\n|t:|1774278614\n|switch|p2b: Calyrex|Calyrex-Ice, L50|100/100\n|switch|p2a: Thundurus|Thundurus, L50, M|100/100\n|-ability|p2b: Calyrex|As One\n|-ability|p2b: Calyrex|Unnerve\n|turn|3\n|\n|t:|1774278627\n|-terastallize|p1a: Lunala|Water\n|move|p2b: Calyrex|Protect|p2b: Calyrex\n|-singleturn|p2b: Calyrex|Protect\n|move|p1b: Koraidon|Protect|p1b: Koraidon\n|-singleturn|p1b: Koraidon|Protect\n|move|p2a: Thundurus|Taunt|p1a: Lunala\n|-start|p1a: Lunala|move: Taunt\n|cant|p1a: Lunala|move: Taunt|Trick Room\n|\n|-weather|SunnyDay|[upkeep]\n|upkeep\n|turn|4\n|\n|t:|1774278649\n|move|p2b: Calyrex|Glacial Lance|p1b: Koraidon|[spread] p1a,p1b\n|-resisted|p1a: Lunala\n|-crit|p1a: Lunala\n|-supereffective|p1b: Koraidon\n|-damage|p1a: Lunala|29/100\n|-damage|p1b: Koraidon|0 fnt\n|faint|p1b: Koraidon\n|-ability|p2b: Calyrex|Chilling Neigh|boost\n|-boost|p2b: Calyrex|atk|1\n|move|p1a: Lunala|Meteor Beam||[still]\n|-prepare|p1a: Lunala|Meteor Beam\n|-boost|p1a: Lunala|spa|1\n|-enditem|p1a: Lunala|Power Herb\n|-anim|p1a: Lunala|Meteor Beam|p2b: Calyrex|[miss]\n|-miss|p1a: Lunala|p2b: Calyrex\n|move|p2a: Thundurus|Electroweb|p1a: Lunala\n|-supereffective|p1a: Lunala\n|-damage|p1a: Lunala|0 fnt\n|faint|p1a: Lunala\n|\n|-weather|SunnyDay|[upkeep]\n|upkeep\n|-message|JoeBro8 forfeited.\n|\n|win|dawillys\n|raw|JoeBro8's rating: 1418 &rarr; <strong>1393</strong><br />(-25 for losing)\n|raw|dawillys's rating: 1337 &rarr; <strong>1362</strong><br />(+25 for winning)\n|l|\u2606JoeBro8\n|player|p1|\n","uploadtime":1774278858,"views":10,"formatid":"gen9vgc2026regi","rating":1362,"private":0,"password":null}