{"id":"gen9vgc2026regi-2544007758","format":"[Gen 9] VGC 2026 Reg I","players":["teal_knight","xiaoliyunVGC"],"log":"|j|\u2606teal_knight\n|j|\u2606xiaoliyunVGC\n|t:|1771641928\n|gametype|doubles\n|player|p1|teal_knight|2|1421\n|player|p2|xiaoliyunVGC|liko|1393\n|gen|9\n|tier|[Gen 9] VGC 2026 Reg I\n|rated|\n|rule|Species Clause: Limit one of each Pok\u00e9mon\n|rule|Item Clause: Limit 1 of each item\n|clearpoke\n|poke|p1|Calyrex-Ice, L50|\n|poke|p1|Lunala, L50|\n|poke|p1|Smeargle, L50, M|\n|poke|p1|Ursaluna, L50, M|\n|poke|p1|Iron Hands, L50|\n|poke|p1|Farigiraf, L50, F|\n|poke|p2|Zamazenta-*, L50|\n|poke|p2|Kyogre, L50|\n|poke|p2|Raichu, L50, F|\n|poke|p2|Flutter Mane, L50|\n|poke|p2|Tornadus, L50, M|\n|poke|p2|Kingambit, L50, F|\n|teampreview|4\n|inactive|Battle timer is ON: inactive players will automatically lose when time's up. (requested by teal_knight)\n|inactive|xiaoliyunVGC also wants the timer to be on.\n|\n|t:|1771641945\n|teamsize|p1|4\n|teamsize|p2|4\n|start\n|switch|p1a: Ursaluna|Ursaluna, L50, M|100/100\n|switch|p1b: Moon 2019|Lunala, L50|100/100\n|switch|p2a: Kingambit|Kingambit, L50, F|100/100\n|switch|p2b: Raichu|Raichu, L50, F|100/100\n|turn|1\n|\n|t:|1771641969\n|move|p1a: Ursaluna|Protect|p1a: Ursaluna\n|-singleturn|p1a: Ursaluna|Protect\n|move|p2b: Raichu|Nuzzle|p1b: Moon 2019\n|-damage|p1b: Moon 2019|98/100\n|-status|p1b: Moon 2019|par\n|move|p2a: Kingambit|Kowtow Cleave|p1b: Moon 2019\n|-supereffective|p1b: Moon 2019\n|-damage|p1b: Moon 2019|0 fnt\n|faint|p1b: Moon 2019\n|\n|-status|p1a: Ursaluna|brn|[from] item: Flame Orb\n|upkeep\n|\n|t:|1771641980\n|switch|p1b: Calyrex|Calyrex-Ice, L50|100/100\n|-ability|p1b: Calyrex|As One\n|-ability|p1b: Calyrex|Unnerve\n|turn|2\n|\n|t:|1771641993\n|-terastallize|p2a: Kingambit|Fairy\n|move|p1b: Calyrex|Protect|p1b: Calyrex\n|-singleturn|p1b: Calyrex|Protect\n|move|p2b: Raichu|Feint|p1b: Calyrex\n|-activate|p1b: Calyrex|move: Feint\n|-damage|p1b: Calyrex|96/100\n|move|p1a: Ursaluna|Earthquake|p2b: Raichu|[spread] p1b,p2a,p2b\n|-supereffective|p2b: Raichu\n|-damage|p1b: Calyrex|57/100\n|-damage|p2a: Kingambit|49/100\n|-enditem|p2b: Raichu|Focus Sash\n|-damage|p2b: Raichu|1/100\n|move|p2a: Kingambit|Kowtow Cleave|p1b: Calyrex\n|-supereffective|p1b: Calyrex\n|-damage|p1b: Calyrex|0 fnt\n|faint|p1b: Calyrex\n|\n|-damage|p1a: Ursaluna|94/100 brn|[from] brn\n|upkeep\n|\n|t:|1771642004\n|switch|p1b: Jerry|Iron Hands, L50|100/100\n|turn|3\n|-message|teal_knight forfeited.\n|\n|win|xiaoliyunVGC\n|raw|teal_knight's rating: 1421 &rarr; <strong>1399</strong><br />(-22 for losing)\n|raw|xiaoliyunVGC's rating: 1393 &rarr; <strong>1415</strong><br />(+22 for winning)\n|l|\u2606teal_knight\n|player|p1|\n","uploadtime":1771642210,"views":20,"formatid":"gen9vgc2026regi","rating":1399,"private":0,"password":null}