{"id":"gen9vgc2026regi-2522464188","format":"[Gen 9] VGC 2026 Reg I","players":["Helle2.0","1zha"],"log":"|j|\u2606Helle2.0\n|j|\u26061zha\n|t:|1768911770\n|gametype|doubles\n|player|p1|Helle2.0|170|1291\n|player|p2|1zha|170|1341\n|gen|9\n|tier|[Gen 9] VGC 2026 Reg I\n|rated|\n|rule|Species Clause: Limit one of each Pok\u00e9mon\n|rule|Item Clause: Limit 1 of each item\n|clearpoke\n|poke|p1|Calyrex-Ice, L50|\n|poke|p1|Indeedee-F, L50, F|\n|poke|p1|Smeargle, L50, F|\n|poke|p1|Hatterene, L50, F|\n|poke|p1|Torkoal, L50, F|\n|poke|p1|Gallade, L50, M|\n|poke|p2|Calyrex-Shadow, L50|\n|poke|p2|Zamazenta-*, L50|\n|poke|p2|Whimsicott, L50, F|\n|poke|p2|Maushold-Four, L50|\n|poke|p2|Chi-Yu, L50|\n|poke|p2|Amoonguss, L50, M|\n|teampreview|4\n|\n|t:|1768911779\n|teamsize|p1|4\n|teamsize|p2|4\n|start\n|switch|p1a: Calyrex|Calyrex-Ice, L50|100/100\n|switch|p1b: Smeargle|Smeargle, L50, F|100/100\n|switch|p2a: Calyrex|Calyrex-Shadow, L50|100/100\n|switch|p2b: Chi-Yu|Chi-Yu, L50|100/100\n|-ability|p2a: Calyrex|As One\n|-ability|p2a: Calyrex|Unnerve\n|-ability|p1a: Calyrex|As One\n|-ability|p1a: Calyrex|Unnerve\n|-ability|p2b: Chi-Yu|Beads of Ruin\n|turn|1\n|\n|t:|1768911798\n|move|p1b: Smeargle|Wide Guard|p1b: Smeargle\n|-singleturn|p1b: Smeargle|Wide Guard\n|move|p2a: Calyrex|Psychic|p1b: Smeargle\n|-enditem|p1b: Smeargle|Focus Sash\n|-damage|p1b: Smeargle|1/100\n|-damage|p2a: Calyrex|91/100|[from] item: Life Orb\n|move|p2b: Chi-Yu|Overheat|p1a: Calyrex\n|-supereffective|p1a: Calyrex\n|-damage|p1a: Calyrex|0 fnt\n|-unboost|p2b: Chi-Yu|spa|2\n|faint|p1a: Calyrex\n|\n|upkeep\n|\n|t:|1768911810\n|switch|p1a: Torkoal|Torkoal, L50, F|100/100\n|-weather|SunnyDay|[from] ability: Drought|[of] p1a: Torkoal\n|turn|2\n|\n|t:|1768911821\n|-terastallize|p1a: Torkoal|Fire\n|move|p1b: Smeargle|Wide Guard|p1b: Smeargle\n|-singleturn|p1b: Smeargle|Wide Guard\n|move|p2a: Calyrex|Psychic|p1a: Torkoal\n|-damage|p1a: Torkoal|0 fnt\n|faint|p1a: Torkoal\n|-ability|p2a: Calyrex|Grim Neigh|boost\n|-boost|p2a: Calyrex|spa|1\n|-damage|p2a: Calyrex|81/100|[from] item: Life Orb\n|move|p2b: Chi-Yu|Overheat|p1b: Smeargle\n|-damage|p1b: Smeargle|0 fnt\n|-unboost|p2b: Chi-Yu|spa|2\n|faint|p1b: Smeargle\n|\n|-weather|SunnyDay|[upkeep]\n|upkeep\n|\n|t:|1768911846\n|switch|p1a: Gallade|Gallade, L50, M|100/100\n|turn|3\n|\n|t:|1768911852\n|move|p2a: Calyrex|Psychic|p1a: Gallade\n|-damage|p1a: Gallade|0 fnt\n|faint|p1a: Gallade\n|-damage|p2a: Calyrex|72/100|[from] item: Life Orb\n|\n|win|1zha\n|raw|Helle2.0's rating: 1291 &rarr; <strong>1270</strong><br />(-21 for losing)\n|raw|1zha's rating: 1341 &rarr; <strong>1358</strong><br />(+17 for winning)\n|l|\u2606Helle2.0\n|player|p1|\n|l|\u26061zha\n|player|p2|\n","uploadtime":1768912091,"views":14,"formatid":"gen9vgc2026regi","rating":1270,"private":0,"password":null}