{"id":"gen9vgc2026regi-2565756028","format":"[Gen 9] VGC 2026 Reg I","players":["Dioxide8","itastelikeiron"],"log":"|j|\u2606Dioxide8\n|j|\u2606itastelikeiron\n|t:|1774301371\n|gametype|doubles\n|player|p1|Dioxide8|1|1439\n|player|p2|itastelikeiron|infielder|1417\n|gen|9\n|tier|[Gen 9] VGC 2026 Reg I\n|rated|\n|rule|Species Clause: Limit one of each Pok\u00e9mon\n|rule|Item Clause: Limit 1 of each item\n|clearpoke\n|poke|p1|Miraidon, L50|\n|poke|p1|Lunala, L50|\n|poke|p1|Urshifu-*, L50, M|\n|poke|p1|Incineroar, L50, F|\n|poke|p1|Ursaluna, L50, M|\n|poke|p1|Tornadus, L50, M|\n|poke|p2|Tornadus, L50, M|\n|poke|p2|Kyogre, L50|\n|poke|p2|Miraidon, L50|\n|poke|p2|Tsareena, L50, F|\n|poke|p2|Incineroar, L50, M|\n|poke|p2|Basculegion, L50, M|\n|teampreview|4\n|inactive|Battle timer is ON: inactive players will automatically lose when time's up. (requested by Dioxide8)\n|inactive|Dioxide8 has 60 seconds left.\n|inactive|itastelikeiron has 60 seconds left.\n|\n|t:|1774301424\n|teamsize|p1|4\n|teamsize|p2|4\n|start\n|switch|p1a: Tornadus|Tornadus, L50, M|100/100\n|switch|p1b: Lunala|Lunala, L50|100/100\n|switch|p2a: Kyogre|Kyogre, L50|100/100\n|switch|p2b: Basculegion|Basculegion, L50, M|100/100\n|-weather|RainDance|[from] ability: Drizzle|[of] p2a: Kyogre\n|turn|1\n|\n|t:|1774301446\n|-terastallize|p1b: Lunala|Fairy\n|move|p1a: Tornadus|Tailwind|p1a: Tornadus\n|-sidestart|p1: Dioxide8|move: Tailwind\n|move|p2b: Basculegion|Phantom Force||[still]\n|-prepare|p2b: Basculegion|Phantom Force\n|-enditem|p2b: Basculegion|Power Herb\n|-anim|p2b: Basculegion|Phantom Force|p1b: Lunala\n|-damage|p1b: Lunala|83/100\n|move|p2a: Kyogre|Water Spout|p1b: Lunala|[spread] p1a,p1b\n|-crit|p1b: Lunala\n|-enditem|p1a: Tornadus|Focus Sash\n|-damage|p1a: Tornadus|1/100\n|-damage|p1b: Lunala|0 fnt\n|faint|p1b: Lunala\n|\n|-weather|RainDance|[upkeep]\n|upkeep\n|\n|t:|1774301464\n|switch|p1b: Miraidon|Miraidon, L50|100/100\n|-fieldstart|move: Electric Terrain|[from] ability: Hadron Engine|[of] p1b: Miraidon\n|turn|2\n|inactive|Dioxide8 has 30 seconds left.\n|\n|t:|1774301490\n|move|p1b: Miraidon|Electro Drift|p2b: Basculegion\n|-supereffective|p2b: Basculegion\n|-damage|p2b: Basculegion|0 fnt\n|faint|p2b: Basculegion\n|-damage|p1b: Miraidon|91/100|[from] item: Life Orb\n|move|p1a: Tornadus|Bleakwind Storm|p2a: Kyogre\n|-damage|p2a: Kyogre|63/100\n|move|p2a: Kyogre|Water Spout|p1a: Tornadus|[spread] p1a,p1b\n|-resisted|p1b: Miraidon\n|-damage|p1a: Tornadus|0 fnt\n|-damage|p1b: Miraidon|67/100\n|faint|p1a: Tornadus\n|\n|-weather|RainDance|[upkeep]\n|upkeep\n|\n|t:|1774301502\n|switch|p1a: Urshifu|Urshifu-Rapid-Strike, L50, M|100/100\n|switch|p2b: Tornadus|Tornadus, L50, M|100/100\n|turn|3\n|\n|t:|1774301512\n|-terastallize|p2a: Kyogre|Water\n|move|p2b: Tornadus|Tailwind|p2b: Tornadus\n|-sidestart|p2: itastelikeiron|move: Tailwind\n|move|p2a: Kyogre|Water Spout|p1b: Miraidon|[spread] p1a,p1b\n|-resisted|p1a: Urshifu\n|-resisted|p1b: Miraidon\n|-damage|p1a: Urshifu|50/100\n|-damage|p1b: Miraidon|31/100\n|move|p1b: Miraidon|Electro Drift|p2a: Kyogre\n|-supereffective|p2a: Kyogre\n|-damage|p2a: Kyogre|0 fnt\n|faint|p2a: Kyogre\n|-damage|p1b: Miraidon|21/100|[from] item: Life Orb\n|move|p1a: Urshifu|Surging Strikes|p2b: Tornadus\n|-crit|p2b: Tornadus\n|-damage|p2b: Tornadus|42/100\n|-crit|p2b: Tornadus\n|-damage|p2b: Tornadus|0 fnt\n|faint|p2b: Tornadus\n|-hitcount|p2: Tornadus|2\n|\n|-weather|RainDance|[upkeep]\n|upkeep\n|\n|t:|1774301514\n|switch|p2b: Miraidon|Miraidon, L50|100/100\n|-activate|p2b: Miraidon|ability: Hadron Engine\n|turn|4\n|\n|t:|1774301530\n|move|p2b: Miraidon|Volt Switch|p1a: Urshifu\n|-supereffective|p1a: Urshifu\n|-damage|p1a: Urshifu|0 fnt\n|faint|p1a: Urshifu\n|-damage|p2b: Miraidon|91/100|[from] item: Life Orb\n|move|p1b: Miraidon|Draco Meteor|p2b: Miraidon\n|-supereffective|p2b: Miraidon\n|-damage|p2b: Miraidon|0 fnt\n|-unboost|p1b: Miraidon|spa|2\n|faint|p2b: Miraidon\n|-damage|p1b: Miraidon|12/100|[from] item: Life Orb\n|\n|win|Dioxide8\n|raw|Dioxide8's rating: 1439 &rarr; <strong>1458</strong><br />(+19 for winning)\n|raw|itastelikeiron's rating: 1417 &rarr; <strong>1398</strong><br />(-19 for losing)\n|l|\u2606itastelikeiron\n|player|p2|\n|l|\u2606Dioxide8\n|player|p1|\n","uploadtime":1774301751,"views":10,"formatid":"gen9vgc2026regi","rating":1398,"private":0,"password":null}