{"id":"gen9vgc2026regi-2537478430","format":"[Gen 9] VGC 2026 Reg I","players":["SMK_1106","SnarkyShane"],"log":"|j|\u2606SMK_1106\n|j|\u2606SnarkyShane\n|t:|1770819662\n|gametype|doubles\n|player|p1|SMK_1106|170|1463\n|player|p2|SnarkyShane|gambler|1398\n|gen|9\n|tier|[Gen 9] VGC 2026 Reg I\n|rated|\n|rule|Species Clause: Limit one of each Pok\u00e9mon\n|rule|Item Clause: Limit 1 of each item\n|clearpoke\n|poke|p1|Flutter Mane, L50|\n|poke|p1|Ursaluna, L50, M|\n|poke|p1|Brute Bonnet, L50|\n|poke|p1|Lunala, L50|\n|poke|p1|Chi-Yu, L50|\n|poke|p1|Koraidon, L50|\n|poke|p2|Rayquaza, L50|\n|poke|p2|Calyrex-Shadow, L50|\n|poke|p2|Chien-Pao, L50|\n|poke|p2|Ting-Lu, L50|\n|poke|p2|Amoonguss, L50, F|\n|poke|p2|Avalugg-Hisui, L50, F|\n|teampreview|4\n|inactive|Battle timer is ON: inactive players will automatically lose when time's up. (requested by SnarkyShane)\n|inactive|SMK_1106 has 60 seconds left.\n|inactive|SnarkyShane has 60 seconds left.\n|\n|t:|1770819723\n|teamsize|p1|4\n|teamsize|p2|4\n|start\n|switch|p1a: Chi-Yu|Chi-Yu, L50|100/100\n|switch|p1b: Flutter Mane|Flutter Mane, L50|100/100\n|switch|p2a: Noodle Del Muerte|Rayquaza, L50|100/100\n|switch|p2b: FesterinEquestrian|Calyrex-Shadow, L50|100/100\n|-ability|p2b: FesterinEquestrian|As One\n|-ability|p2b: FesterinEquestrian|Unnerve\n|-ability|p1a: Chi-Yu|Beads of Ruin\n|-ability|p2a: Noodle Del Muerte|Air Lock\n|turn|1\n|\n|t:|1770819745\n|-terastallize|p2a: Noodle Del Muerte|Normal\n|move|p1a: Chi-Yu|Dark Pulse|p2b: FesterinEquestrian\n|-supereffective|p2b: FesterinEquestrian\n|-enditem|p2b: FesterinEquestrian|Focus Sash\n|-damage|p2b: FesterinEquestrian|1/100\n|move|p2b: FesterinEquestrian|Astral Barrage|p1a: Chi-Yu|[spread] p1a,p1b\n|-resisted|p1a: Chi-Yu\n|-supereffective|p1b: Flutter Mane\n|-damage|p1a: Chi-Yu|70/100\n|-enditem|p1b: Flutter Mane|Focus Sash\n|-damage|p1b: Flutter Mane|1/100\n|move|p1b: Flutter Mane|Icy Wind|p2b: FesterinEquestrian|[spread] p2a,p2b\n|-damage|p2a: Noodle Del Muerte|82/100\n|-damage|p2b: FesterinEquestrian|0 fnt\n|faint|p2b: FesterinEquestrian\n|move|p2a: Noodle Del Muerte|Swords Dance|p2a: Noodle Del Muerte\n|-boost|p2a: Noodle Del Muerte|atk|2\n|\n|upkeep\n|\n|t:|1770819767\n|switch|p2b: Victor Creed|Chien-Pao, L50|100/100\n|-ability|p2b: Victor Creed|Sword of Ruin\n|turn|2\n|\n|t:|1770819778\n|-end|p1b: Flutter Mane|Protosynthesis|[silent]\n|switch|p1b: Koraidon|Koraidon, L50|100/100\n|-weather|SunnyDay|[from] ability: Orichalcum Pulse|[of] p1b: Koraidon\n|-activate|p1b: Koraidon|Orichalcum Pulse|[source]\n|-terastallize|p1a: Chi-Yu|Ghost\n|move|p2b: Victor Creed|Ice Spinner|p1b: Koraidon\n|-supereffective|p1b: Koraidon\n|-damage|p1b: Koraidon|0 fnt\n|faint|p1b: Koraidon\n|move|p1a: Chi-Yu|Dark Pulse|p2a: Noodle Del Muerte\n|-damage|p2a: Noodle Del Muerte|24/100\n|move|p2a: Noodle Del Muerte|Dragon Ascent|p1a: Chi-Yu\n|-damage|p1a: Chi-Yu|0 fnt\n|-unboost|p2a: Noodle Del Muerte|def|1\n|-unboost|p2a: Noodle Del Muerte|spd|1\n|faint|p1a: Chi-Yu\n|\n|-weather|SunnyDay|[upkeep]\n|upkeep\n|\n|t:|1770819792\n|switch|p1b: Brute Bonnet|Brute Bonnet, L50|100/100\n|switch|p1a: Flutter Mane|Flutter Mane, L50|1/100\n|turn|3\n|inactive|SMK_1106 has 30 seconds left.\n|inactive|SMK_1106 has 20 seconds left.\n|inactive|SMK_1106 has 15 seconds left.\n|inactive|SMK_1106 has 10 seconds left.\n|\n|t:|1770819842\n|move|p1a: Flutter Mane|Protect|p1a: Flutter Mane\n|-singleturn|p1a: Flutter Mane|Protect\n|move|p2a: Noodle Del Muerte|Extreme Speed|p1b: Brute Bonnet\n|-damage|p1b: Brute Bonnet|8/100\n|-enditem|p1b: Brute Bonnet|Sitrus Berry|[eat]\n|-heal|p1b: Brute Bonnet|33/100|[from] item: Sitrus Berry\n|move|p1b: Brute Bonnet|Sucker Punch||[still]\n|-fail|p1b: Brute Bonnet\n|move|p2b: Victor Creed|Ice Spinner|p1a: Flutter Mane\n|-activate|p1a: Flutter Mane|move: Protect\n|\n|-weather|SunnyDay|[upkeep]\n|upkeep\n|turn|4\n|inactive|SMK_1106 has 30 seconds left.\n|inactive|SMK_1106 has 20 seconds left.\n|\n|t:|1770819877\n|move|p2a: Noodle Del Muerte|Extreme Speed|p1b: Brute Bonnet\n|-damage|p1b: Brute Bonnet|0 fnt\n|faint|p1b: Brute Bonnet\n|-end|p1b: Brute Bonnet|Protosynthesis|[silent]\n|move|p2b: Victor Creed|Ice Spinner|p1a: Flutter Mane\n|-damage|p1a: Flutter Mane|0 fnt\n|faint|p1a: Flutter Mane\n|-end|p1a: Flutter Mane|Protosynthesis|[silent]\n|\n|win|SnarkyShane\n|raw|SMK_1106's rating: 1463 &rarr; <strong>1439</strong><br />(-24 for losing)\n|raw|SnarkyShane's rating: 1398 &rarr; <strong>1422</strong><br />(+24 for winning)\n|l|\u2606SMK_1106\n|player|p1|\n|l|\u2606SnarkyShane\n|player|p2|\n","uploadtime":1770820093,"views":27,"formatid":"gen9vgc2026regi","rating":1422,"private":0,"password":null}