{"id":"gen9vgc2026regi-2565235934","format":"[Gen 9] VGC 2026 Reg I","players":["ev_evan","ScribbleScribble"],"log":"|j|\u2606ev_evan\n|j|\u2606ScribbleScribble\n|t:|1774249046\n|gametype|doubles\n|player|p1|ev_evan|101|1334\n|player|p2|ScribbleScribble|mina-lgpe|1576\n|gen|9\n|tier|[Gen 9] VGC 2026 Reg I\n|rated|\n|rule|Species Clause: Limit one of each Pok\u00e9mon\n|rule|Item Clause: Limit 1 of each item\n|clearpoke\n|poke|p1|Raging Bolt, L50|\n|poke|p1|Miraidon, L50|\n|poke|p1|Calyrex-Ice, L50|\n|poke|p1|Incineroar, L50, F|\n|poke|p1|Iron Jugulis, L50|\n|poke|p1|Ursaluna-Bloodmoon, L50, M|\n|poke|p2|Calyrex-Ice, L50|\n|poke|p2|Kyogre, L50|\n|poke|p2|Tornadus, L50, M|\n|poke|p2|Indeedee-F, L50, F|\n|poke|p2|Urshifu-*, L50, F|\n|poke|p2|Landorus, L50, M|\n|teampreview|4\n|inactive|Battle timer is ON: inactive players will automatically lose when time's up. (requested by ScribbleScribble)\n|inactive|ev_evan also wants the timer to be on.\n|\n|t:|1774249070\n|teamsize|p1|4\n|teamsize|p2|4\n|start\n|switch|p1a: Iron Jugulis|Iron Jugulis, L50|100/100\n|switch|p1b: Calyrex|Calyrex-Ice, L50|100/100\n|switch|p2a: Calyrex|Calyrex-Ice, L50|100/100\n|switch|p2b: Indeedee|Indeedee-F, L50, F, shiny|100/100\n|-ability|p2a: Calyrex|As One\n|-ability|p2a: Calyrex|Unnerve\n|-ability|p1b: Calyrex|As One\n|-ability|p1b: Calyrex|Unnerve\n|-fieldstart|move: Psychic Terrain|[from] ability: Psychic Surge|[of] p2b: Indeedee\n|-enditem|p2b: Indeedee|Psychic Seed\n|-boost|p2b: Indeedee|spd|1|[from] item: Psychic Seed\n|turn|1\n|inactive|ScribbleScribble has 30 seconds left.\n|\n|t:|1774249097\n|move|p2b: Indeedee|Follow Me|p2b: Indeedee\n|-singleturn|p2b: Indeedee|move: Follow Me\n|move|p1a: Iron Jugulis|Taunt|p2b: Indeedee\n|-start|p2b: Indeedee|move: Taunt\n|move|p2a: Calyrex|Imprison|p2a: Calyrex\n|-start|p2a: Calyrex|move: Imprison\n|move|p1b: Calyrex|Leech Seed|p2b: Indeedee\n|-start|p2b: Indeedee|move: Leech Seed\n|\n|-damage|p2b: Indeedee|88/100|[from] Leech Seed|[of] p1b: Calyrex\n|upkeep\n|turn|2\n|\n|t:|1774249115\n|switch|p2b: Tornadus|Tornadus, L50, M|100/100\n|-terastallize|p2a: Calyrex|Grass\n|move|p1a: Iron Jugulis|Snarl|p2a: Calyrex|[spread] p2a,p2b\n|-damage|p2a: Calyrex|86/100\n|-damage|p2b: Tornadus|79/100\n|-unboost|p2b: Tornadus|spa|1\n|move|p2a: Calyrex|Glacial Lance|p1b: Calyrex|[spread] p1a,p1b\n|-supereffective|p1a: Iron Jugulis\n|-resisted|p1b: Calyrex\n|-damage|p1a: Iron Jugulis|0 fnt\n|-damage|p1b: Calyrex|87/100\n|faint|p1a: Iron Jugulis\n|-end|p1a: Iron Jugulis|Quark Drive|[silent]\n|-ability|p2a: Calyrex|Chilling Neigh|boost\n|-boost|p2a: Calyrex|atk|1\n|move|p1b: Calyrex|Leech Seed|p2a: Calyrex\n|-immune|p2a: Calyrex\n|\n|-heal|p1b: Calyrex|93/100|[from] item: Leftovers\n|upkeep\n|\n|t:|1774249127\n|switch|p1a: Miraidon|Miraidon, L50|100/100\n|-fieldstart|move: Electric Terrain|[from] ability: Hadron Engine|[of] p1a: Miraidon\n|turn|3\n|inactive|ScribbleScribble has 30 seconds left.\n|inactive|ScribbleScribble has 20 seconds left.\n|inactive|ScribbleScribble has 15 seconds left.\n|inactive|ScribbleScribble has 10 seconds left.\n|inactive|ScribbleScribble has 5 seconds left.\n|\n|t:|1774249182\n|move|p1a: Miraidon|Volt Switch|p2b: Tornadus\n|-supereffective|p2b: Tornadus\n|-damage|p2b: Tornadus|0 fnt\n|faint|p2b: Tornadus\n|l|\u2606ev_evan\n|inactive|ev_evan disconnected and has a minute to reconnect!\n|player|p1|\n|inactive|ev_evan has 30 seconds left.\n|inactive|ev_evan has 20 seconds left.\n|inactive|ev_evan has 15 seconds left.\n|inactive|ev_evan has 10 seconds left.\n|inactive|ev_evan has 5 seconds left.\n|-message|ev_evan lost due to inactivity.\n|\n|win|ScribbleScribble\n|raw|ev_evan's rating: 1334 &rarr; <strong>1326</strong><br />(-8 for losing)\n|raw|ScribbleScribble's rating: 1567 &rarr; <strong>1575</strong><br />(+8 for winning)\n|l|\u2606ScribbleScribble\n|player|p2|\n","uploadtime":1774249398,"views":12,"formatid":"gen9vgc2026regi","rating":1326,"private":0,"password":null}