{"id":"gen9vgc2026regi-2556010913","format":"[Gen 9] VGC 2026 Reg I","players":["talecale9","buggybrain"],"log":"|j|\u2606talecale9\n|j|\u2606buggybrain\n|t:|1773160014\n|gametype|doubles\n|player|p1|talecale9|lucas|1226\n|player|p2|buggybrain|hiker-gen4|1424\n|gen|9\n|tier|[Gen 9] VGC 2026 Reg I\n|rated|\n|rule|Species Clause: Limit one of each Pok\u00e9mon\n|rule|Item Clause: Limit 1 of each item\n|clearpoke\n|poke|p1|Calyrex-Shadow, L50|\n|poke|p1|Maushold, L50|\n|poke|p1|Zamazenta-*, L50|\n|poke|p1|Roaring Moon, L50|\n|poke|p1|Rillaboom, L50, F|\n|poke|p1|Urshifu-*, L50, M|\n|poke|p2|Rillaboom, L50, F|\n|poke|p2|Incineroar, L50, F|\n|poke|p2|Calyrex-Ice, L50|\n|poke|p2|Landorus, L50, M|\n|poke|p2|Koraidon, L50|\n|poke|p2|Smeargle, L50, F|\n|teampreview|4\n|\n|t:|1773160052\n|teamsize|p1|4\n|teamsize|p2|4\n|start\n|switch|p1a: Calyrex|Calyrex-Shadow, L50|100/100\n|switch|p1b: Maushold|Maushold, L50|100/100\n|switch|p2a: Koraidon|Koraidon, L50|100/100\n|switch|p2b: Smeargle|Smeargle, L50, F|100/100\n|-ability|p1a: Calyrex|As One\n|-ability|p1a: Calyrex|Unnerve\n|-weather|SunnyDay|[from] ability: Orichalcum Pulse|[of] p2a: Koraidon\n|-activate|p2a: Koraidon|Orichalcum Pulse|[source]\n|turn|1\n|\n|t:|1773160086\n|switch|p2a: Incineroar|Incineroar, L50, F|100/100\n|-ability|p2a: Incineroar|Intimidate|boost\n|-unboost|p1a: Calyrex|atk|1\n|-unboost|p1b: Maushold|atk|1\n|move|p1b: Maushold|Feint|p2a: Incineroar\n|-damage|p2a: Incineroar|96/100\n|move|p1a: Calyrex|Psychic|p2a: Incineroar\n|-immune|p2a: Incineroar\n|move|p2b: Smeargle|Spore|p1a: Calyrex\n|-status|p1a: Calyrex|slp|[from] move: Spore\n|\n|-weather|SunnyDay|[upkeep]\n|-ability|p2b: Smeargle|Moody|boost\n|-boost|p2b: Smeargle|spa|2\n|-unboost|p2b: Smeargle|spd|1\n|upkeep\n|turn|2\n|-message|talecale9 forfeited.\n|\n|win|buggybrain\n|raw|talecale9's rating: 1226 &rarr; <strong>1214</strong><br />(-12 for losing)\n|raw|buggybrain's rating: 1424 &rarr; <strong>1434</strong><br />(+10 for winning)\n|l|\u2606talecale9\n|player|p1|\n|l|\u2606buggybrain\n|player|p2|\n","uploadtime":1773160346,"views":16,"formatid":"gen9vgc2026regi","rating":1214,"private":0,"password":null}