{"id":"gen9vgc2026regi-2582787311","format":"[Gen 9] VGC 2026 Reg I","players":["braxadactyl","kyoshimon"],"log":"|j|\u2606braxadactyl\n|j|\u2606kyoshimon\n|t:|1776114114\n|gametype|doubles\n|player|p1|braxadactyl|266|1132\n|player|p2|kyoshimon|cynthia-gen4|1153\n|gen|9\n|tier|[Gen 9] VGC 2026 Reg I\n|rated|\n|rule|Species Clause: Limit one of each Pok\u00e9mon\n|rule|Item Clause: Limit 1 of each item\n|clearpoke\n|poke|p1|Rillaboom, L50, F|\n|poke|p1|Crawdaunt, L50, F|\n|poke|p1|Zapdos, L50|\n|poke|p1|Hydreigon, L50, M|\n|poke|p1|Great Tusk, L50|\n|poke|p1|Corviknight, L50, F|\n|poke|p2|Chien-Pao, L50|\n|poke|p2|Kyogre, L50|\n|poke|p2|Amoonguss, L50, M|\n|poke|p2|Iron Jugulis, L50|\n|poke|p2|Ditto, L50|\n|poke|p2|Zamazenta-*, L50|\n|teampreview|4\n|inactive|Battle timer is ON: inactive players will automatically lose when time's up. (requested by kyoshimon)\n|\n|t:|1776114136\n|teamsize|p1|4\n|teamsize|p2|4\n|start\n|switch|p1a: Zapdos|Zapdos, L50|100/100\n|switch|p1b: Great Tusk|Great Tusk, L50|100/100\n|switch|p2a: Iron Jugulis|Iron Jugulis, L50|100/100\n|switch|p2b: Kyogre|Kyogre, L50|100/100\n|-weather|RainDance|[from] ability: Drizzle|[of] p2b: Kyogre\n|-enditem|p2a: Iron Jugulis|Booster Energy\n|-activate|p2a: Iron Jugulis|ability: Quark Drive|[fromitem]\n|-start|p2a: Iron Jugulis|quarkdrivespe\n|turn|1\n|\n|t:|1776114157\n|-terastallize|p2b: Kyogre|Grass\n|move|p2a: Iron Jugulis|Tailwind|p2a: Iron Jugulis\n|-sidestart|p2: kyoshimon|move: Tailwind\n|move|p2b: Kyogre|Water Spout|p1a: Zapdos|[spread] p1a,p1b\n|-supereffective|p1b: Great Tusk\n|-damage|p1a: Zapdos|0 fnt\n|-enditem|p1b: Great Tusk|Focus Sash\n|-damage|p1b: Great Tusk|1/100\n|faint|p1a: Zapdos\n|move|p1b: Great Tusk|Ice Spinner|p2a: Iron Jugulis\n|-supereffective|p2a: Iron Jugulis\n|-damage|p2a: Iron Jugulis|49/100\n|\n|-weather|RainDance|[upkeep]\n|upkeep\n|\n|t:|1776114179\n|switch|p1a: Crawdaunt|Crawdaunt, L50, F|100/100\n|turn|2\n|inactive|braxadactyl has 30 seconds left.\n|inactive|braxadactyl has 20 seconds left.\n|\n|t:|1776114215\n|-terastallize|p1a: Crawdaunt|Water\n|move|p2a: Iron Jugulis|Hurricane|p1a: Crawdaunt\n|-damage|p1a: Crawdaunt|0 fnt\n|faint|p1a: Crawdaunt\n|move|p2b: Kyogre|Water Spout|p1b: Great Tusk\n|-supereffective|p1b: Great Tusk\n|-damage|p1b: Great Tusk|0 fnt\n|faint|p1b: Great Tusk\n|-end|p1b: Great Tusk|Protosynthesis|[silent]\n|\n|-weather|RainDance|[upkeep]\n|upkeep\n|\n|t:|1776114231\n|switch|p1b: Corviknight|Corviknight, L50, F|100/100\n|turn|3\n|\n|t:|1776114237\n|move|p2a: Iron Jugulis|Hurricane|p1b: Corviknight\n|-resisted|p1b: Corviknight\n|-damage|p1b: Corviknight|79/100\n|move|p2b: Kyogre|Water Spout|p1b: Corviknight\n|-damage|p1b: Corviknight|0 fnt\n|faint|p1b: Corviknight\n|\n|win|kyoshimon\n|raw|braxadactyl's rating: 1132 &rarr; <strong>1109</strong><br />(-23 for losing)\n|raw|kyoshimon's rating: 1153 &rarr; <strong>1176</strong><br />(+23 for winning)\n|l|\u2606braxadactyl\n|player|p1|\n|l|\u2606kyoshimon\n|player|p2|\n","uploadtime":1776114421,"views":11,"formatid":"gen9vgc2026regi","rating":1109,"private":0,"password":null}