{"id":"gen9vgc2026regi-2573807154","format":"[Gen 9] VGC 2026 Reg I","players":["JustJakeyVGC","bullgod4ever"],"log":"|j|\u2606JustJakeyVGC\n|j|\u2606bullgod4ever\n|t:|1775166759\n|gametype|doubles\n|player|p1|JustJakeyVGC|102|1525\n|player|p2|bullgod4ever|266|1587\n|gen|9\n|tier|[Gen 9] VGC 2026 Reg I\n|rated|\n|rule|Species Clause: Limit one of each Pok\u00e9mon\n|rule|Item Clause: Limit 1 of each item\n|clearpoke\n|poke|p1|Miraidon, L50|\n|poke|p1|Calyrex-Ice, L50|\n|poke|p1|Incineroar, L50, M|\n|poke|p1|Urshifu-*, L50, M|\n|poke|p1|Amoonguss, L50, M|\n|poke|p1|Landorus, L50, M|\n|poke|p2|Brute Bonnet, L50|\n|poke|p2|Lunala, L50|\n|poke|p2|Flutter Mane, L50|\n|poke|p2|Landorus, L50, M|\n|poke|p2|Incineroar, L50, M|\n|poke|p2|Koraidon, L50|\n|teampreview|4\n|j| tomenos01\n|inactive|Battle timer is ON: inactive players will automatically lose when time's up. (requested by bullgod4ever)\n|\n|t:|1775166818\n|teamsize|p1|4\n|teamsize|p2|4\n|start\n|switch|p1a: Lozz|Calyrex-Ice, L50|100/100\n|switch|p1b: Taran|Amoonguss, L50, M, shiny|100/100\n|switch|p2a: Landorus|Landorus, L50, M|100/100\n|switch|p2b: Lunala|Lunala, L50|100/100\n|-ability|p1a: Lozz|As One\n|-ability|p1a: Lozz|Unnerve\n|turn|1\n|inactive|JustJakeyVGC has 30 seconds left.\n|\n|t:|1775166850\n|-terastallize|p2a: Landorus|Ground\n|move|p2a: Landorus|Sandsear Storm|p1a: Lozz|[spread] p1a,p1b\n|-damage|p1a: Lozz|57/100\n|-damage|p1b: Taran|41/100\n|move|p2b: Lunala|Meteor Beam||[still]\n|-prepare|p2b: Lunala|Meteor Beam\n|-boost|p2b: Lunala|spa|1\n|-enditem|p2b: Lunala|Power Herb\n|-anim|p2b: Lunala|Meteor Beam|p1b: Taran\n|-damage|p1b: Taran|0 fnt\n|faint|p1b: Taran\n|move|p1a: Lozz|Leech Seed|p2b: Lunala\n|-start|p2b: Lunala|move: Leech Seed\n|\n|-damage|p2b: Lunala|88/100|[from] Leech Seed|[of] p1a: Lozz\n|-heal|p1a: Lozz|71/100|[silent]\n|upkeep\n|\n|t:|1775166866\n|switch|p1b: Miraidon|Miraidon, L50|100/100\n|-fieldstart|move: Electric Terrain|[from] ability: Hadron Engine|[of] p1b: Miraidon\n|turn|2\n|\n|t:|1775166888\n|-terastallize|p1a: Lozz|Water\n|move|p2a: Landorus|Sandsear Storm|p1b: Miraidon|[spread] p1a,p1b\n|-crit|p1a: Lozz\n|-supereffective|p1b: Miraidon\n|-damage|p1a: Lozz|5/100\n|-damage|p1b: Miraidon|25/100\n|move|p1b: Miraidon|Draco Meteor|p2a: Landorus\n|-damage|p2a: Landorus|0 fnt\n|-unboost|p1b: Miraidon|spa|2\n|faint|p2a: Landorus\n|move|p2b: Lunala|Moongeist Beam|p1a: Lozz\n|-damage|p1a: Lozz|0 fnt\n|faint|p1a: Lozz\n|\n|upkeep\n|\n|t:|1775166905\n|switch|p2a: Koraidon|Koraidon, L50|100/100\n|switch|p1a: Lando-Norris|Landorus, L50, M|100/100\n|-weather|SunnyDay|[from] ability: Orichalcum Pulse|[of] p2a: Koraidon\n|-activate|p2a: Koraidon|Orichalcum Pulse|[source]\n|turn|3\n|-message|JustJakeyVGC forfeited.\n|\n|win|bullgod4ever\n|raw|JustJakeyVGC's rating: 1525 &rarr; <strong>1509</strong><br />(-16 for losing)\n|raw|bullgod4ever's rating: 1587 &rarr; <strong>1603</strong><br />(+16 for winning)\n|l| tomenos01\n|l|\u2606bullgod4ever\n|player|p2|\n","uploadtime":1775167113,"views":11,"formatid":"gen9vgc2026regi","rating":1509,"private":0,"password":null}