{"id":"gen9vgc2026regi-2567659449","format":"[Gen 9] VGC 2026 Reg I","players":["The Legend SC","soahmed"],"log":"|j|\u2606The Legend SC\n|j|\u2606soahmed\n|t:|1774499622\n|gametype|doubles\n|player|p1|The Legend SC|170|1280\n|player|p2|soahmed|backersf|1283\n|gen|9\n|tier|[Gen 9] VGC 2026 Reg I\n|rated|\n|rule|Species Clause: Limit one of each Pok\u00e9mon\n|rule|Item Clause: Limit 1 of each item\n|clearpoke\n|poke|p1|Groudon, L50|\n|poke|p1|Ho-Oh, L50|\n|poke|p1|Flutter Mane, L50|\n|poke|p1|Ogerpon-Cornerstone, L50, F|\n|poke|p1|Farigiraf, L50, F|\n|poke|p1|Raging Bolt, L50|\n|poke|p2|Calyrex-Shadow, L50|\n|poke|p2|Zamazenta-*, L50|\n|poke|p2|Chien-Pao, L50|\n|poke|p2|Dragonite, L50, M|\n|poke|p2|Amoonguss, L50, F|\n|poke|p2|Ogerpon-Cornerstone, L50, F|\n|teampreview|4\n|inactive|Battle timer is ON: inactive players will automatically lose when time's up. (requested by The Legend SC)\n|inactive|The Legend SC has 60 seconds left.\n|inactive|soahmed has 60 seconds left.\n|\n|t:|1774499670\n|teamsize|p1|4\n|teamsize|p2|4\n|start\n|switch|p1a: Raging Bolt|Raging Bolt, L50|100/100\n|switch|p1b: Groudon|Groudon, L50|100/100\n|switch|p2a: Ogerpon|Ogerpon-Cornerstone, L50, F|100/100\n|switch|p2b: Chien-Pao|Chien-Pao, L50|100/100\n|-ability|p2b: Chien-Pao|Sword of Ruin\n|-weather|SunnyDay|[from] ability: Drought|[of] p1b: Groudon\n|-activate|p1a: Raging Bolt|ability: Protosynthesis\n|-start|p1a: Raging Bolt|protosynthesisspa\n|turn|1\n|inactive|The Legend SC has 30 seconds left.\n|inactive|soahmed has 30 seconds left.\n|inactive|The Legend SC has 20 seconds left.\n|inactive|The Legend SC has 15 seconds left.\n|\n|t:|1774499713\n|switch|p1b: Ho-Oh|Ho-Oh, L50|100/100\n|-terastallize|p1a: Raging Bolt|Fairy\n|move|p2b: Chien-Pao|Ice Spinner|p1a: Raging Bolt\n|-damage|p1a: Raging Bolt|70/100\n|move|p2a: Ogerpon|Ivy Cudgel|p1a: Raging Bolt|[anim] Ivy Cudgel Rock\n|-damage|p1a: Raging Bolt|12/100\n|move|p1a: Raging Bolt|Snarl|p2a: Ogerpon|[spread] p2a,p2b\n|-resisted|p2b: Chien-Pao\n|-damage|p2a: Ogerpon|77/100\n|-damage|p2b: Chien-Pao|93/100\n|-unboost|p2a: Ogerpon|spa|1\n|-unboost|p2b: Chien-Pao|spa|1\n|\n|-weather|SunnyDay|[upkeep]\n|upkeep\n|turn|2\n|inactive|The Legend SC has 30 seconds left.\n|inactive|The Legend SC has 20 seconds left.\n|inactive|The Legend SC has 15 seconds left.\n|inactive|The Legend SC has 10 seconds left.\n|-message|The Legend SC forfeited.\n|\n|win|soahmed\n|raw|The Legend SC's rating: 1280 &rarr; <strong>1255</strong><br />(-25 for losing)\n|raw|soahmed's rating: 1283 &rarr; <strong>1308</strong><br />(+25 for winning)\n|l|\u2606The Legend SC\n|player|p1|\n|l|\u2606soahmed\n|player|p2|\n","uploadtime":1774499994,"views":13,"formatid":"gen9vgc2026regi","rating":1255,"private":0,"password":null}