{"id":"gen9vgc2026regi-2544051350","format":"[Gen 9] VGC 2026 Reg I","players":["lalo's pollos","Rypassed You"],"log":"|j|\u2606lalo's pollos\n|j|\u2606Rypassed You\n|t:|1771648122\n|gametype|doubles\n|player|p1|lalo's pollos|266|1464\n|player|p2|Rypassed You|drayton|1620\n|gen|9\n|tier|[Gen 9] VGC 2026 Reg I\n|rated|\n|rule|Species Clause: Limit one of each Pok\u00e9mon\n|rule|Item Clause: Limit 1 of each item\n|clearpoke\n|poke|p1|Zamazenta-*, L50|\n|poke|p1|Lunala, L50|\n|poke|p1|Rillaboom, L50, F|\n|poke|p1|Incineroar, L50, F|\n|poke|p1|Urshifu-*, L50, M|\n|poke|p1|Tornadus, L50, M|\n|poke|p2|Kyogre, L50|\n|poke|p2|Miraidon, L50|\n|poke|p2|Tornadus, L50, M|\n|poke|p2|Iron Hands, L50|\n|poke|p2|Farigiraf, L50, F|\n|poke|p2|Urshifu-*, L50, M|\n|teampreview|4\n|inactive|Battle timer is ON: inactive players will automatically lose when time's up. (requested by Rypassed You)\n|inactive|lalo's pollos has 60 seconds left.\n|inactive|lalo's pollos has 30 seconds left.\n|inactive|lalo's pollos has 20 seconds left.\n|inactive|lalo's pollos has 15 seconds left.\n|\n|t:|1771648199\n|teamsize|p1|4\n|teamsize|p2|4\n|start\n|switch|p1a: Rillaboom|Rillaboom, L50, F|100/100\n|switch|p1b: Lunala|Lunala, L50|100/100\n|switch|p2a: \u30c8\u30eb\u30cd\u30ed\u30b9|Tornadus, L50, M|100/100\n|switch|p2b: Natalia|Miraidon, L50|100/100\n|-fieldstart|move: Electric Terrain|[from] ability: Hadron Engine|[of] p2b: Natalia\n|-fieldstart|move: Grassy Terrain|[from] ability: Grassy Surge|[of] p1a: Rillaboom\n|turn|1\n|\n|t:|1771648209\n|move|p1a: Rillaboom|Fake Out|p2b: Natalia\n|-damage|p2b: Natalia|90/100\n|move|p2a: \u30c8\u30eb\u30cd\u30ed\u30b9|Taunt|p1b: Lunala\n|-start|p1b: Lunala|move: Taunt\n|cant|p2b: Natalia|flinch\n|cant|p1b: Lunala|move: Taunt|Calm Mind\n|\n|-heal|p2b: Natalia|96/100|[from] Grassy Terrain\n|upkeep\n|turn|2\n|\n|t:|1771648219\n|move|p2b: Natalia|Volt Switch|p1b: Lunala\n|-damage|p1b: Lunala|81/100\n|\n|t:|1771648222\n|switch|p2b: Josy|Farigiraf, L50, F|100/100|[from] Volt Switch\n|move|p2a: \u30c8\u30eb\u30cd\u30ed\u30b9|Bleakwind Storm|p1a: Rillaboom|[spread] p1a,p1b\n|-supereffective|p1a: Rillaboom\n|-damage|p1a: Rillaboom|45/100\n|-damage|p1b: Lunala|52/100\n|-unboost|p1b: Lunala|spe|1\n|move|p1a: Rillaboom|U-turn|p2a: \u30c8\u30eb\u30cd\u30ed\u30b9\n|-resisted|p2a: \u30c8\u30eb\u30cd\u30ed\u30b9\n|-damage|p2a: \u30c8\u30eb\u30cd\u30ed\u30b9|86/100\n|\n|t:|1771648234\n|switch|p1a: Zamazenta|Zamazenta-Crowned, L50|100/100|[from] U-turn\n|-ability|p1a: Zamazenta|Dauntless Shield|boost\n|-boost|p1a: Zamazenta|def|1\n|move|p1b: Lunala|Moongeist Beam|p2a: \u30c8\u30eb\u30cd\u30ed\u30b9\n|-damage|p2a: \u30c8\u30eb\u30cd\u30ed\u30b9|11/100\n|\n|-heal|p1b: Lunala|58/100|[from] Grassy Terrain\n|-heal|p1b: Lunala|64/100|[from] item: Leftovers\n|upkeep\n|turn|3\n|\n|t:|1771648248\n|-terastallize|p2b: Josy|Dark\n|move|p2a: \u30c8\u30eb\u30cd\u30ed\u30b9|Tailwind|p2a: \u30c8\u30eb\u30cd\u30ed\u30b9\n|-sidestart|p2: Rypassed You|move: Tailwind\n|move|p1a: Zamazenta|Body Press|p2b: Josy\n|-supereffective|p2b: Josy\n|-damage|p2b: Josy|0 fnt\n|faint|p2b: Josy\n|move|p1b: Lunala|Moonblast|p2a: \u30c8\u30eb\u30cd\u30ed\u30b9\n|-damage|p2a: \u30c8\u30eb\u30cd\u30ed\u30b9|0 fnt\n|faint|p2a: \u30c8\u30eb\u30cd\u30ed\u30b9\n|\n|-heal|p1b: Lunala|70/100|[from] Grassy Terrain\n|-heal|p1b: Lunala|76/100|[from] item: Leftovers\n|-end|p1b: Lunala|move: Taunt\n|upkeep\n|-message|Rypassed You forfeited.\n|\n|win|lalo's pollos\n|raw|lalo&apos;s pollos's rating: 1464 &rarr; <strong>1492</strong><br />(+28 for winning)\n|raw|Rypassed You's rating: 1620 &rarr; <strong>1592</strong><br />(-28 for losing)\n|l|\u2606Rypassed You\n|player|p2|\n","uploadtime":1771648261,"views":24,"formatid":"gen9vgc2026regi","rating":1492,"private":0,"password":null}