{"id":"gen9vgc2026regi-2562567906","format":"[Gen 9] VGC 2026 Reg I","players":["sheeshshane925","I\u2764\ufe0f\u5a1c\u7984Forever"],"log":"|j|\u2606sheeshshane925\n|j|\u2606I\u2764\ufe0f\u5a1c\u7984Forever\n|t:|1773931010\n|gametype|doubles\n|player|p1|sheeshshane925|chuck|1446\n|player|p2|I\u2764\ufe0f\u5a1c\u7984Forever|youngcouple-gen4dp|1383\n|gen|9\n|tier|[Gen 9] VGC 2026 Reg I\n|rated|\n|rule|Species Clause: Limit one of each Pok\u00e9mon\n|rule|Item Clause: Limit 1 of each item\n|clearpoke\n|poke|p1|Miraidon, L50|\n|poke|p1|Zamazenta-*, L50|\n|poke|p1|Whimsicott, L50, F|\n|poke|p1|Volcarona, L50, F|\n|poke|p1|Ogerpon-Cornerstone, L50, F|\n|poke|p1|Farigiraf, L50, M|\n|poke|p2|Groudon, L50|\n|poke|p2|Kyurem-White, L50|\n|poke|p2|Heatran, L50, F|\n|poke|p2|Whimsicott, L50, F|\n|poke|p2|Roaring Moon, L50|\n|poke|p2|Ditto, L50|\n|teampreview|4\n|\n|t:|1773931120\n|teamsize|p1|4\n|teamsize|p2|4\n|start\n|switch|p1a: Zamazenta|Zamazenta-Crowned, L50|100/100\n|switch|p1b: Whimsicott|Whimsicott, L50, F|100/100\n|switch|p2a: Kyurem|Kyurem-White, L50|100/100\n|switch|p2b: Heatran|Heatran, L50, F|100/100\n|-ability|p1a: Zamazenta|Dauntless Shield|boost\n|-boost|p1a: Zamazenta|def|1\n|-ability|p2a: Kyurem|Turboblaze\n|turn|1\n|\n|t:|1773931136\n|switch|p1a: Miraidon|Miraidon, L50|100/100\n|-fieldstart|move: Electric Terrain|[from] ability: Hadron Engine|[of] p1a: Miraidon\n|move|p1b: Whimsicott|Tailwind|p1b: Whimsicott\n|-sidestart|p1: sheeshshane925|move: Tailwind\n|move|p2a: Kyurem|Blizzard|p1b: Whimsicott|[spread] p1a\n|-miss|p2a: Kyurem|p1b: Whimsicott\n|-enditem|p2a: Kyurem|Blunder Policy\n|-boost|p2a: Kyurem|spe|2\n|-supereffective|p1a: Miraidon\n|-damage|p1a: Miraidon|37/100\n|move|p2b: Heatran|Substitute|p2b: Heatran\n|-start|p2b: Heatran|Substitute\n|-damage|p2b: Heatran|76/100\n|\n|-heal|p2b: Heatran|82/100|[from] item: Leftovers\n|upkeep\n|turn|2\n|\n|t:|1773931168\n|move|p2b: Heatran|Protect|p2b: Heatran\n|-singleturn|p2b: Heatran|Protect\n|move|p1b: Whimsicott|Moonblast|p2a: Kyurem\n|-supereffective|p2a: Kyurem\n|-damage|p2a: Kyurem|49/100\n|move|p1a: Miraidon|Volt Switch|p2b: Heatran\n|-activate|p2b: Heatran|move: Protect\n|move|p2a: Kyurem|Blizzard|p1b: Whimsicott|[spread] p1a,p1b\n|-supereffective|p1a: Miraidon\n|-supereffective|p1b: Whimsicott\n|-damage|p1a: Miraidon|0 fnt\n|-enditem|p1b: Whimsicott|Focus Sash\n|-damage|p1b: Whimsicott|1/100\n|faint|p1a: Miraidon\n|\n|-heal|p2b: Heatran|88/100|[from] item: Leftovers\n|upkeep\n|\n|t:|1773931172\n|switch|p1a: Zamazenta|Zamazenta-Crowned, L50|100/100\n|turn|3\n|\n|t:|1773931200\n|-terastallize|p2a: Kyurem|Ghost\n|move|p1b: Whimsicott|Endeavor|p2b: Heatran\n|-end|p2b: Heatran|Substitute\n|move|p1a: Zamazenta|Body Press|p2a: Kyurem\n|-immune|p2a: Kyurem\n|move|p2a: Kyurem|Fusion Flare|p1a: Zamazenta\n|-supereffective|p1a: Zamazenta\n|-damage|p1a: Zamazenta|36/100\n|move|p2b: Heatran|Heat Wave|p1a: Zamazenta|[spread] p1a,p1b\n|-supereffective|p1a: Zamazenta\n|-supereffective|p1b: Whimsicott\n|-damage|p1a: Zamazenta|0 fnt\n|-damage|p1b: Whimsicott|0 fnt\n|faint|p1a: Zamazenta\n|faint|p1b: Whimsicott\n|\n|-heal|p2b: Heatran|94/100|[from] item: Leftovers\n|upkeep\n|-message|sheeshshane925 forfeited.\n|\n|win|I\u2764\ufe0f\u5a1c\u7984Forever\n|raw|sheeshshane925's rating: 1446 &rarr; <strong>1422</strong><br />(-24 for losing)\n|raw|I\u2764\ufe0f\u5a1c\u7984Forever's rating: 1383 &rarr; <strong>1407</strong><br />(+24 for winning)\n|l|\u2606sheeshshane925\n|player|p1|\n|l|\u2606I\u2764\ufe0f\u5a1c\u7984Forever\n|player|p2|\n","uploadtime":1773931349,"views":15,"formatid":"gen9vgc2026regi","rating":1407,"private":0,"password":null}