{"id":"gen9vgc2026regi-2539375958","format":"[Gen 9] VGC 2026 Reg I","players":["wangqing","Coreydfgh"],"log":"|j|\u2606wangqing\n|j|\u2606Coreydfgh\n|t:|1771046355\n|gametype|doubles\n|player|p1|wangqing|steven|1363\n|player|p2|Coreydfgh|170|1239\n|gen|9\n|tier|[Gen 9] VGC 2026 Reg I\n|rated|\n|rule|Species Clause: Limit one of each Pok\u00e9mon\n|rule|Item Clause: Limit 1 of each item\n|clearpoke\n|poke|p1|Lunala, L50|\n|poke|p1|Koraidon, L50|\n|poke|p1|Chi-Yu, L50|\n|poke|p1|Flutter Mane, L50|\n|poke|p1|Brute Bonnet, L50|\n|poke|p1|Ursaluna, L50, F|\n|poke|p2|Calyrex-Ice, L50|\n|poke|p2|Indeedee-F, L50, F|\n|poke|p2|Torkoal, L50, F|\n|poke|p2|Brute Bonnet, L50|\n|poke|p2|Lunala, L50|\n|poke|p2|Iron Hands, L50|\n|teampreview|4\n|\n|t:|1771046401\n|teamsize|p1|4\n|teamsize|p2|4\n|start\n|switch|p1a: Chi-Yu|Chi-Yu, L50|100/100\n|switch|p1b: Lunala|Lunala, L50, shiny|100/100\n|switch|p2a: Calyrex|Calyrex-Ice, L50|100/100\n|switch|p2b: Brute Bonnet|Brute Bonnet, L50|100/100\n|-ability|p2a: Calyrex|As One\n|-ability|p2a: Calyrex|Unnerve\n|-ability|p1a: Chi-Yu|Beads of Ruin\n|-enditem|p2b: Brute Bonnet|Booster Energy\n|-activate|p2b: Brute Bonnet|ability: Protosynthesis|[fromitem]\n|-start|p2b: Brute Bonnet|protosynthesisspd\n|turn|1\n|\n|t:|1771046428\n|-terastallize|p2b: Brute Bonnet|Fire\n|move|p2a: Calyrex|Protect|p2a: Calyrex\n|-singleturn|p2a: Calyrex|Protect\n|move|p1a: Chi-Yu|Heat Wave|p2b: Brute Bonnet|[spread] \n|-activate|p2a: Calyrex|move: Protect\n|-miss|p1a: Chi-Yu|p2b: Brute Bonnet\n|move|p1b: Lunala|Meteor Beam||[still]\n|-prepare|p1b: Lunala|Meteor Beam\n|-boost|p1b: Lunala|spa|1\n|-enditem|p1b: Lunala|Power Herb\n|-anim|p1b: Lunala|Meteor Beam|p2a: Calyrex\n|-activate|p2a: Calyrex|move: Protect\n|move|p2b: Brute Bonnet|Spore|p1a: Chi-Yu\n|-status|p1a: Chi-Yu|slp|[from] move: Spore\n|\n|upkeep\n|turn|2\n|\n|t:|1771046458\n|switch|p1a: Brute Bonnet|Brute Bonnet, L50, shiny|100/100\n|move|p2b: Brute Bonnet|Rage Powder|p2b: Brute Bonnet\n|-singleturn|p2b: Brute Bonnet|move: Rage Powder\n|move|p1b: Lunala|Moongeist Beam|p2b: Brute Bonnet\n|-damage|p2b: Brute Bonnet|62/100\n|move|p2a: Calyrex|High Horsepower|p1a: Brute Bonnet\n|-resisted|p1a: Brute Bonnet\n|-damage|p1a: Brute Bonnet|88/100\n|\n|upkeep\n|turn|3\n|\n|t:|1771046475\n|move|p2b: Brute Bonnet|Sucker Punch|p1b: Lunala\n|-supereffective|p1b: Lunala\n|-damage|p1b: Lunala|48/100\n|move|p1b: Lunala|Moongeist Beam|p2a: Calyrex\n|-supereffective|p2a: Calyrex\n|-damage|p2a: Calyrex|0 fnt\n|faint|p2a: Calyrex\n|move|p1a: Brute Bonnet|Spore|p2b: Brute Bonnet\n|-status|p2b: Brute Bonnet|slp|[from] move: Spore\n|\n|upkeep\n|\n|t:|1771046485\n|switch|p2a: Lunala|Lunala, L50|100/100\n|turn|4\n|\n|t:|1771046491\n|-end|p2b: Brute Bonnet|Protosynthesis|[silent]\n|switch|p2b: Iron Hands|Iron Hands, L50|100/100\n|move|p1a: Brute Bonnet|Rage Powder|p1a: Brute Bonnet\n|-singleturn|p1a: Brute Bonnet|move: Rage Powder\n|move|p1b: Lunala|Moongeist Beam|p2a: Lunala\n|-supereffective|p2a: Lunala\n|-damage|p2a: Lunala|0 fnt\n|faint|p2a: Lunala\n|\n|upkeep\n|-message|Coreydfgh forfeited.\n|\n|win|wangqing\n|raw|wangqing's rating: 1363 &rarr; <strong>1376</strong><br />(+13 for winning)\n|raw|Coreydfgh's rating: 1239 &rarr; <strong>1223</strong><br />(-16 for losing)\n|l|\u2606Coreydfgh\n|player|p2|\n","uploadtime":1771046722,"views":24,"formatid":"gen9vgc2026regi","rating":1223,"private":0,"password":null}