{"id":"gen9vgc2026regi-2570060027","format":"[Gen 9] VGC 2026 Reg I","players":["dasabe\u76d6\u6b27\u5361\u4fa0","chappell murkroan"],"log":"|j|\u2606dasabe\u76d6\u6b27\u5361\u4fa0\n|j|\u2606chappell murkroan\n|t:|1774763231\n|gametype|doubles\n|player|p1|dasabe\u76d6\u6b27\u5361\u4fa0|may-masters4|1575\n|player|p2|chappell murkroan|caitlin|1542\n|gen|9\n|tier|[Gen 9] VGC 2026 Reg I\n|rated|\n|rule|Species Clause: Limit one of each Pok\u00e9mon\n|rule|Item Clause: Limit 1 of each item\n|clearpoke\n|poke|p1|Calyrex-Shadow, L50|\n|poke|p1|Koraidon, L50|\n|poke|p1|Chi-Yu, L50|\n|poke|p1|Tornadus, L50, M|\n|poke|p1|Indeedee-F, L50, F|\n|poke|p1|Smeargle, L50, M|\n|poke|p2|Dialga-Origin, L50|\n|poke|p2|Ursaluna, L50, M|\n|poke|p2|Tornadus, L50, M|\n|poke|p2|Incineroar, L50, F|\n|poke|p2|Urshifu-*, L50, M|\n|poke|p2|Terapagos, L50, M|\n|teampreview|4\n|inactive|Battle timer is ON: inactive players will automatically lose when time's up. (requested by chappell murkroan)\n|j| CidKagenou87\n|\n|t:|1774763248\n|teamsize|p1|4\n|teamsize|p2|4\n|start\n|switch|p1a: \u9a6c\u6b7b\u4e86|Calyrex-Shadow, L50|100/100\n|switch|p1b: \u5c0f\u7b14\u7ea2\u80bf|Smeargle, L50, M, shiny|100/100\n|switch|p2a: Tornadus|Tornadus, L50, M|100/100\n|switch|p2b: Incineroar|Incineroar, L50, F|100/100\n|-ability|p1a: \u9a6c\u6b7b\u4e86|As One\n|-ability|p1a: \u9a6c\u6b7b\u4e86|Unnerve\n|-ability|p2b: Incineroar|Intimidate|boost\n|-unboost|p1a: \u9a6c\u6b7b\u4e86|atk|1\n|-unboost|p1b: \u5c0f\u7b14\u7ea2\u80bf|atk|1\n|turn|1\n|j| blackred123\n|\n|t:|1774763255\n|switch|p2b: Ursaluna|Ursaluna, L50, M|100/100\n|move|p1b: \u5c0f\u7b14\u7ea2\u80bf|Fake Out|p2b: Ursaluna\n|-damage|p2b: Ursaluna|98/100\n|move|p2a: Tornadus|Taunt|p1b: \u5c0f\u7b14\u7ea2\u80bf\n|-start|p1b: \u5c0f\u7b14\u7ea2\u80bf|move: Taunt\n|move|p1a: \u9a6c\u6b7b\u4e86|Expanding Force|p2a: Tornadus\n|-damage|p2a: Tornadus|8/100\n|\n|-ability|p1b: \u5c0f\u7b14\u7ea2\u80bf|Moody|boost\n|-boost|p1b: \u5c0f\u7b14\u7ea2\u80bf|def|2\n|-unboost|p1b: \u5c0f\u7b14\u7ea2\u80bf|spd|1\n|-status|p2b: Ursaluna|brn|[from] item: Flame Orb\n|upkeep\n|turn|2\n|\n|t:|1774763274\n|switch|p1b: \u4f8d\u7684\u6211\u7231\u5bfc\u7ba1|Indeedee-F, L50, F, shiny|100/100\n|-fieldstart|move: Psychic Terrain|[from] ability: Psychic Surge|[of] p1b: \u4f8d\u7684\u6211\u7231\u5bfc\u7ba1\n|move|p2a: Tornadus|Tailwind|p2a: Tornadus\n|-sidestart|p2: chappell murkroan|move: Tailwind\n|move|p1a: \u9a6c\u6b7b\u4e86|Expanding Force|p2a: Tornadus|[spread] p2a,p2b\n|-damage|p2a: Tornadus|0 fnt\n|-damage|p2b: Ursaluna|0 fnt\n|faint|p2a: Tornadus\n|faint|p2b: Ursaluna\n|-ability|p1a: \u9a6c\u6b7b\u4e86|Grim Neigh|boost\n|-boost|p1a: \u9a6c\u6b7b\u4e86|spa|2\n|\n|upkeep\n|-message|chappell murkroan forfeited.\n|\n|win|dasabe\u76d6\u6b27\u5361\u4fa0\n|raw|dasabe\u76d6\u6b27\u5361\u4fa0's rating: 1575 &rarr; <strong>1593</strong><br />(+18 for winning)\n|raw|chappell murkroan's rating: 1542 &rarr; <strong>1524</strong><br />(-18 for losing)\n|l|\u2606chappell murkroan\n|player|p2|\n|l| CidKagenou87\n|l|\u2606dasabe\u76d6\u6b27\u5361\u4fa0\n|player|p1|\n","uploadtime":1774763556,"views":15,"formatid":"gen9vgc2026regi","rating":1524,"private":0,"password":null}