{"id":"gen9vgc2026regi-2513772517","format":"[Gen 9] VGC 2026 Reg I","players":["slionapollo","Schimmli"],"log":"|j|\u2606slionapollo\n|j|\u2606Schimmli\n|t:|1767780074\n|gametype|doubles\n|player|p1|slionapollo|2|1192\n|player|p2|Schimmli|265|1235\n|gen|9\n|tier|[Gen 9] VGC 2026 Reg I\n|rated|\n|rule|Species Clause: Limit one of each Pok\u00e9mon\n|rule|Item Clause: Limit 1 of each item\n|clearpoke\n|poke|p1|Zacian-*, L50|\n|poke|p1|Landorus, L50, M|\n|poke|p1|Incineroar, L50, M|\n|poke|p1|Miraidon, L50|\n|poke|p1|Chien-Pao, L50|\n|poke|p1|Whimsicott, L50, F|\n|poke|p2|Farigiraf, L50, M|\n|poke|p2|Miraidon, L50|\n|poke|p2|Rayquaza, L50|\n|poke|p2|Chien-Pao, L50|\n|poke|p2|Iron Hands, L50|\n|poke|p2|Volcarona, L50, F|\n|teampreview|4\n|inactive|Battle timer is ON: inactive players will automatically lose when time's up. (requested by Schimmli)\n|\n|t:|1767780143\n|teamsize|p1|4\n|teamsize|p2|4\n|start\n|switch|p1a: Miraidon|Miraidon, L50|100/100\n|switch|p1b: Zacian|Zacian-Crowned, L50|100/100\n|switch|p2a: Miraidon|Miraidon, L50|100/100\n|switch|p2b: Farigiraf|Farigiraf, L50, M|100/100\n|-fieldstart|move: Electric Terrain|[from] ability: Hadron Engine|[of] p2a: Miraidon\n|-enditem|p2b: Farigiraf|Electric Seed\n|-boost|p2b: Farigiraf|def|1|[from] item: Electric Seed\n|-ability|p1b: Zacian|Intrepid Sword|boost\n|-boost|p1b: Zacian|atk|1\n|-activate|p1a: Miraidon|ability: Hadron Engine\n|turn|1\n|inactive|slionapollo has 30 seconds left.\n|\n|t:|1767780173\n|-terastallize|p1a: Miraidon|Fairy\n|move|p2a: Miraidon|Volt Switch|p1b: Zacian\n|-damage|p1b: Zacian|42/100\n|\n|t:|1767780177\n|switch|p2a: Volcarona|Volcarona, L50, F|100/100|[from] Volt Switch\n|move|p1b: Zacian|Behemoth Blade|p2b: Farigiraf\n|-damage|p2b: Farigiraf|61/100\n|move|p1a: Miraidon|Dazzling Gleam|p2b: Farigiraf|[spread] p2a,p2b\n|-resisted|p2a: Volcarona\n|-damage|p2a: Volcarona|71/100\n|-damage|p2b: Farigiraf|0 fnt\n|faint|p2b: Farigiraf\n|\n|upkeep\n|\n|t:|1767780189\n|switch|p2b: Iron Hands|Iron Hands, L50|100/100\n|-activate|p2b: Iron Hands|ability: Quark Drive\n|-start|p2b: Iron Hands|quarkdriveatk\n|turn|2\n|\n|t:|1767780209\n|-terastallize|p2b: Iron Hands|Bug\n|move|p2b: Iron Hands|Fake Out|p1b: Zacian\n|-resisted|p1b: Zacian\n|-damage|p1b: Zacian|32/100\n|cant|p1b: Zacian|flinch\n|move|p1a: Miraidon|Dazzling Gleam|p2a: Volcarona|[spread] p2a,p2b\n|-resisted|p2a: Volcarona\n|-crit|p2b: Iron Hands\n|-damage|p2a: Volcarona|40/100\n|-damage|p2b: Iron Hands|40/100\n|move|p2a: Volcarona|Struggle Bug|p1b: Zacian|[spread] p1a,p1b\n|-resisted|p1a: Miraidon\n|-resisted|p1b: Zacian\n|-damage|p1a: Miraidon|93/100\n|-damage|p1b: Zacian|28/100\n|-unboost|p1a: Miraidon|spa|1\n|-unboost|p1b: Zacian|spa|1\n|\n|upkeep\n|turn|3\n|inactive|slionapollo has 30 seconds left.\n|\n|t:|1767780239\n|move|p2a: Volcarona|Rage Powder|p2a: Volcarona\n|-singleturn|p2a: Volcarona|move: Rage Powder\n|move|p1b: Zacian|Sacred Sword|p2a: Volcarona\n|-resisted|p2a: Volcarona\n|-damage|p2a: Volcarona|17/100\n|-damage|p1b: Zacian|12/100|[from] item: Rocky Helmet|[of] p2a: Volcarona\n|-status|p1b: Zacian|brn|[from] ability: Flame Body|[of] p2a: Volcarona\n|move|p1a: Miraidon|Dazzling Gleam|p2b: Iron Hands|[spread] p2a,p2b\n|-resisted|p2a: Volcarona\n|-damage|p2a: Volcarona|0 fnt\n|-damage|p2b: Iron Hands|15/100\n|faint|p2a: Volcarona\n|move|p2b: Iron Hands|Drain Punch|p1b: Zacian\n|-crit|p1b: Zacian\n|-damage|p1b: Zacian|0 fnt\n|-heal|p2b: Iron Hands|19/100|[from] drain|[of] p1b: Zacian\n|faint|p1b: Zacian\n|\n|upkeep\n|\n|t:|1767780255\n|switch|p1b: Chien-Pao|Chien-Pao, L50|100/100\n|switch|p2a: Miraidon|Miraidon, L50|100/100\n|-activate|p2a: Miraidon|ability: Hadron Engine\n|-ability|p1b: Chien-Pao|Sword of Ruin\n|turn|4\n|\n|t:|1767780271\n|move|p2a: Miraidon|Electro Drift|p1a: Miraidon\n|-damage|p1a: Miraidon|4/100\n|move|p1b: Chien-Pao|Icicle Crash|p2a: Miraidon\n|-supereffective|p2a: Miraidon\n|-damage|p2a: Miraidon|20/100\n|move|p1a: Miraidon|Dazzling Gleam|p2b: Iron Hands|[spread] p2a,p2b\n|-supereffective|p2a: Miraidon\n|-damage|p2a: Miraidon|0 fnt\n|-damage|p2b: Iron Hands|0 fnt\n|faint|p2a: Miraidon\n|faint|p2b: Iron Hands\n|-end|p2b: Iron Hands|Quark Drive|[silent]\n|\n|win|slionapollo\n|raw|slionapollo's rating: 1192 &rarr; <strong>1220</strong><br />(+28 for winning)\n|raw|Schimmli's rating: 1235 &rarr; <strong>1207</strong><br />(-28 for losing)\n|l|\u2606Schimmli\n|player|p2|\n|l|\u2606slionapollo\n|player|p1|\n","uploadtime":1767780610,"views":3,"formatid":"gen9vgc2026regi","rating":1207,"private":0,"password":null}