{"id":"gen9vgc2026regi-2551368765","format":"[Gen 9] VGC 2026 Reg I","players":["mtbsj","lalo's pollos"],"log":"|j|\u2606mtbsj\n|j|\u2606lalo's pollos\n|t:|1772592403\n|gametype|doubles\n|player|p1|mtbsj|blue|1431\n|player|p2|lalo's pollos|169|1483\n|gen|9\n|tier|[Gen 9] VGC 2026 Reg I\n|rated|\n|rule|Species Clause: Limit one of each Pok\u00e9mon\n|rule|Item Clause: Limit 1 of each item\n|clearpoke\n|poke|p1|Hitmontop, L50, M|\n|poke|p1|Terapagos, L50, M|\n|poke|p1|Calyrex-Shadow, L50|\n|poke|p1|Ogerpon-Cornerstone, L50, F|\n|poke|p1|Urshifu-*, L50, F|\n|poke|p1|Whimsicott, L50, F|\n|poke|p2|Zamazenta-*, L50|\n|poke|p2|Lunala, L50|\n|poke|p2|Rillaboom, L50, M|\n|poke|p2|Incineroar, L50, F|\n|poke|p2|Urshifu-*, L50, M|\n|poke|p2|Tornadus, L50, M|\n|teampreview|4\n|inactive|Battle timer is ON: inactive players will automatically lose when time's up. (requested by mtbsj)\n|inactive|mtbsj has 60 seconds left.\n|\n|t:|1772592436\n|teamsize|p1|4\n|teamsize|p2|4\n|start\n|switch|p1a: Hitmontop|Hitmontop, L50, M|100/100\n|switch|p1b: Terapagos|Terapagos, L50, M|100/100\n|switch|p2a: Zamazenta|Zamazenta-Crowned, L50|100/100\n|switch|p2b: Tornadus|Tornadus, L50, M|100/100\n|-activate|p1b: Terapagos|ability: Tera Shift\n|detailschange|p1b: Terapagos|Terapagos-Terastal, L50, M\n|-heal|p1b: Terapagos|100/100|[silent]\n|-ability|p2a: Zamazenta|Dauntless Shield|boost\n|-boost|p2a: Zamazenta|def|1\n|-ability|p1a: Hitmontop|Intimidate|boost\n|-unboost|p2a: Zamazenta|atk|1\n|-unboost|p2b: Tornadus|atk|1\n|turn|1\n|inactive|mtbsj has 30 seconds left.\n|inactive|lalo's pollos has 30 seconds left.\n|\n|t:|1772592467\n|switch|p1a: Ogerpon|Ogerpon-Cornerstone, L50, F|100/100\n|-terastallize|p1b: Terapagos|Stellar\n|detailschange|p1b: Terapagos|Terapagos-Stellar, L50, M, tera:Stellar\n|-heal|p1b: Terapagos|100/100|[silent]\n|move|p2a: Zamazenta|Protect|p2a: Zamazenta\n|-singleturn|p2a: Zamazenta|Protect\n|move|p2b: Tornadus|Bleakwind Storm|p1a: Ogerpon|[spread] p1a,p1b\n|-damage|p1a: Ogerpon|51/100\n|-damage|p1b: Terapagos|78/100\n|move|p1b: Terapagos|Earth Power|p2a: Zamazenta\n|-activate|p2a: Zamazenta|move: Protect\n|\n|upkeep\n|turn|2\n|\n|t:|1772592491\n|move|p2b: Tornadus|Tailwind|p2b: Tornadus\n|-sidestart|p2: lalo's pollos|move: Tailwind\n|move|p2a: Zamazenta|Body Press|p1b: Terapagos\n|-supereffective|p1b: Terapagos\n|-damage|p1b: Terapagos|0 fnt\n|faint|p1b: Terapagos\n|detailschange|p1: Terapagos|Terapagos, L50, M|[silent]\n|move|p1a: Ogerpon|Ivy Cudgel|p2b: Tornadus|[anim] Ivy Cudgel Rock\n|-supereffective|p2b: Tornadus\n|-enditem|p2b: Tornadus|Focus Sash\n|-damage|p2b: Tornadus|1/100\n|\n|upkeep\n|\n|t:|1772592504\n|switch|p1b: Hitmontop|Hitmontop, L50, M|100/100\n|-ability|p1b: Hitmontop|Intimidate|boost\n|-unboost|p2a: Zamazenta|atk|1\n|-unboost|p2b: Tornadus|atk|1\n|turn|3\n|-message|mtbsj forfeited.\n|\n|win|lalo's pollos\n|raw|mtbsj's rating: 1431 &rarr; <strong>1414</strong><br />(-17 for losing)\n|raw|lalo&apos;s pollos's rating: 1483 &rarr; <strong>1500</strong><br />(+17 for winning)\n|l|\u2606mtbsj\n|player|p1|\n|l|\u2606lalo's pollos\n|player|p2|\n","uploadtime":1772592729,"views":16,"formatid":"gen9vgc2026regi","rating":1414,"private":0,"password":null}