{"id":"gen9vgc2026regi-2520040019","format":"[Gen 9] VGC 2026 Reg I","players":["ky123456","porygon-epilepz"],"log":"|j|\u2606ky123456\n|j|\u2606porygon-epilepz\n|t:|1768582542\n|gametype|doubles\n|player|p1|ky123456|cynthia-gen4|1388\n|player|p2|porygon-epilepz|ghetsis-gen5bw|1320\n|gen|9\n|tier|[Gen 9] VGC 2026 Reg I\n|rated|\n|rule|Species Clause: Limit one of each Pok\u00e9mon\n|rule|Item Clause: Limit 1 of each item\n|clearpoke\n|poke|p1|Calyrex-Shadow, L50|\n|poke|p1|Zamazenta-*, L50|\n|poke|p1|Chien-Pao, L50|\n|poke|p1|Dragonite, L50, M|\n|poke|p1|Raging Bolt, L50|\n|poke|p1|Amoonguss, L50, F|\n|poke|p2|Incineroar, L50, F|\n|poke|p2|Calyrex-Ice, L50|\n|poke|p2|Rillaboom, L50, F|\n|poke|p2|Smeargle, L50, F|\n|poke|p2|Landorus, L50, M|\n|poke|p2|Koraidon, L50|\n|teampreview|4\n|\n|t:|1768582573\n|teamsize|p1|4\n|teamsize|p2|4\n|start\n|switch|p1a: Zamazenta|Zamazenta-Crowned, L50|100/100\n|switch|p1b: Arlie|Chien-Pao, L50|100/100\n|switch|p2a: Incineroar|Incineroar, L50, F|100/100\n|switch|p2b: Koraidon|Koraidon, L50|100/100\n|-ability|p1b: Arlie|Sword of Ruin\n|-weather|SunnyDay|[from] ability: Orichalcum Pulse|[of] p2b: Koraidon\n|-activate|p2b: Koraidon|Orichalcum Pulse|[source]\n|-ability|p1a: Zamazenta|Dauntless Shield|boost\n|-boost|p1a: Zamazenta|def|1\n|-ability|p2a: Incineroar|Intimidate|boost\n|-unboost|p1a: Zamazenta|atk|1\n|-unboost|p1b: Arlie|atk|1\n|turn|1\n|\n|t:|1768582590\n|-terastallize|p2b: Koraidon|Fire\n|move|p1a: Zamazenta|Protect|p1a: Zamazenta\n|-singleturn|p1a: Zamazenta|Protect\n|move|p2a: Incineroar|Fake Out|p1b: Arlie\n|-damage|p1b: Arlie|87/100\n|cant|p1b: Arlie|flinch\n|move|p2b: Koraidon|Collision Course|p1a: Zamazenta\n|-activate|p1a: Zamazenta|move: Protect\n|\n|-weather|SunnyDay|[upkeep]\n|upkeep\n|turn|2\n|\n|t:|1768582603\n|-terastallize|p1a: Zamazenta|Dragon\n|move|p1b: Arlie|Ruination|p2b: Koraidon\n|-damage|p2b: Koraidon|51/100\n|move|p2b: Koraidon|Collision Course|p1a: Zamazenta\n|-damage|p1a: Zamazenta|64/100\n|move|p1a: Zamazenta|Body Press|p2a: Incineroar\n|-supereffective|p2a: Incineroar\n|-damage|p2a: Incineroar|0 fnt\n|faint|p2a: Incineroar\n|\n|-weather|SunnyDay|[upkeep]\n|upkeep\n|\n|t:|1768582613\n|switch|p2a: Calyrex|Calyrex-Ice, L50|100/100\n|-ability|p2a: Calyrex|As One\n|-ability|p2a: Calyrex|Unnerve\n|turn|3\n|\n|t:|1768582624\n|move|p2b: Koraidon|Protect|p2b: Koraidon\n|-singleturn|p2b: Koraidon|Protect\n|move|p1b: Arlie|Ruination|p2a: Calyrex\n|-damage|p2a: Calyrex|51/100\n|move|p1a: Zamazenta|Body Press|p2a: Calyrex\n|-damage|p2a: Calyrex|0 fnt\n|faint|p2a: Calyrex\n|\n|-weather|SunnyDay|[upkeep]\n|upkeep\n|\n|t:|1768582633\n|switch|p2a: Landorus|Landorus, L50, M|100/100\n|turn|4\n|\n|t:|1768582640\n|move|p1b: Arlie|Ice Spinner|p2a: Landorus\n|-supereffective|p2a: Landorus\n|-damage|p2a: Landorus|0 fnt\n|faint|p2a: Landorus\n|move|p2b: Koraidon|Flame Charge|p1b: Arlie\n|-supereffective|p1b: Arlie\n|-damage|p1b: Arlie|0 fnt\n|-boost|p2b: Koraidon|spe|1\n|faint|p1b: Arlie\n|move|p1a: Zamazenta|Body Press|p2b: Koraidon\n|-damage|p2b: Koraidon|0 fnt\n|faint|p2b: Koraidon\n|\n|win|ky123456\n|raw|ky123456's rating: 1388 &rarr; <strong>1404</strong><br />(+16 for winning)\n|raw|porygon-epilepz's rating: 1320 &rarr; <strong>1304</strong><br />(-16 for losing)\n","uploadtime":1768582640,"views":12,"formatid":"gen9vgc2026regi","rating":1304,"private":0,"password":null}