{"id":"gen9vgc2026regi-2543471214","format":"[Gen 9] VGC 2026 Reg I","players":["marcxhenry","ZYJHENGREG"],"log":"|j|\u2606marcxhenry\n|j|\u2606ZYJHENGREG\n|t:|1771579659\n|gametype|doubles\n|player|p1|marcxhenry|hilbert-wonderlauncher|1417\n|player|p2|ZYJHENGREG|266|1418\n|gen|9\n|tier|[Gen 9] VGC 2026 Reg I\n|rated|\n|rule|Species Clause: Limit one of each Pok\u00e9mon\n|rule|Item Clause: Limit 1 of each item\n|clearpoke\n|poke|p1|Calyrex-Shadow, L50|\n|poke|p1|Urshifu-*, L50, M|\n|poke|p1|Roaring Moon, L50|\n|poke|p1|Kyogre, L50|\n|poke|p1|Tsareena, L50, F|\n|poke|p1|Kingambit, L50, M|\n|poke|p2|Miraidon, L50|\n|poke|p2|Calyrex-Ice, L50|\n|poke|p2|Landorus, L50, M|\n|poke|p2|Volcarona, L50, F|\n|poke|p2|Grimmsnarl, L50, M|\n|poke|p2|Rillaboom, L50, F|\n|teampreview|4\n|inactive|Battle timer is ON: inactive players will automatically lose when time's up. (requested by ZYJHENGREG)\n|\n|t:|1771579687\n|teamsize|p1|4\n|teamsize|p2|4\n|start\n|switch|p1a: Rhein\u00fcbung|Urshifu-Rapid-Strike, L50, M|100/100\n|switch|p1b: Tripitz|Kyogre, L50, shiny|100/100\n|switch|p2a: Grimmsnarl|Grimmsnarl, L50, M|100/100\n|switch|p2b: Rillaboom|Rillaboom, L50, F|100/100\n|-weather|RainDance|[from] ability: Drizzle|[of] p1b: Tripitz\n|-fieldstart|move: Grassy Terrain|[from] ability: Grassy Surge|[of] p2b: Rillaboom\n|turn|1\n|\n|t:|1771579707\n|switch|p1b: Hitmonshe|Tsareena, L50, F, shiny|100/100\n|move|p2b: Rillaboom|Grassy Glide||[still]\n|cant|p1b: Hitmonshe|ability: Queenly Majesty|Grassy Glide|[of] p2b: Rillaboom\n|move|p2a: Grimmsnarl|Light Screen|p2a: Grimmsnarl\n|-sidestart|p2: ZYJHENGREG|move: Light Screen\n|move|p1a: Rhein\u00fcbung|U-turn|p2b: Rillaboom\n|-supereffective|p2b: Rillaboom\n|-damage|p2b: Rillaboom|52/100\n|\n|t:|1771579717\n|switch|p1a: Tripitz|Kyogre, L50, shiny|100/100|[from] U-turn\n|\n|-weather|RainDance|[upkeep]\n|-heal|p2b: Rillaboom|58/100|[from] Grassy Terrain\n|upkeep\n|turn|2\n|\n|t:|1771579733\n|move|p1a: Tripitz|Water Spout|p2b: Rillaboom|[spread] p2a,p2b\n|-resisted|p2b: Rillaboom\n|-damage|p2a: Grimmsnarl|25/100\n|-damage|p2b: Rillaboom|31/100\n|move|p1b: Hitmonshe|Triple Axel|p2b: Rillaboom\n|-supereffective|p2b: Rillaboom\n|-damage|p2b: Rillaboom|20/100\n|-supereffective|p2b: Rillaboom\n|-damage|p2b: Rillaboom|0 fnt\n|faint|p2b: Rillaboom\n|-hitcount|p2: Rillaboom|2\n|move|p2a: Grimmsnarl|Spirit Break|p1a: Tripitz\n|-damage|p1a: Tripitz|69/100\n|-unboost|p1a: Tripitz|spa|1\n|\n|-weather|RainDance|[upkeep]\n|-heal|p1a: Tripitz|75/100|[from] Grassy Terrain\n|-heal|p2a: Grimmsnarl|31/100|[from] Grassy Terrain\n|upkeep\n|\n|t:|1771579744\n|switch|p2b: Miraidon|Miraidon, L50|100/100\n|-fieldstart|move: Electric Terrain|[from] ability: Hadron Engine|[of] p2b: Miraidon\n|turn|3\n|\n|t:|1771579759\n|-terastallize|p1a: Tripitz|Ground\n|move|p2a: Grimmsnarl|Reflect|p2a: Grimmsnarl\n|-sidestart|p2: ZYJHENGREG|Reflect\n|move|p2b: Miraidon|Volt Switch|p1b: Hitmonshe\n|-resisted|p1b: Hitmonshe\n|-damage|p1b: Hitmonshe|44/100\n|\n|t:|1771579766\n|switch|p2b: Calyrex|Calyrex-Ice, L50|100/100|[from] Volt Switch\n|-ability|p2b: Calyrex|As One\n|-ability|p2b: Calyrex|Unnerve\n|move|p1a: Tripitz|Water Spout|p2b: Calyrex|[spread] p2a,p2b\n|-damage|p2a: Grimmsnarl|0 fnt\n|-damage|p2b: Calyrex|76/100\n|faint|p2a: Grimmsnarl\n|move|p1b: Hitmonshe|Triple Axel|p2b: Calyrex\n|-resisted|p2b: Calyrex\n|-damage|p2b: Calyrex|74/100\n|-resisted|p2b: Calyrex\n|-damage|p2b: Calyrex|72/100\n|-resisted|p2b: Calyrex\n|-crit|p2b: Calyrex\n|-damage|p2b: Calyrex|62/100\n|-hitcount|p2b: Calyrex|3\n|\n|-weather|RainDance|[upkeep]\n|-heal|p2b: Calyrex|68/100|[from] item: Leftovers\n|upkeep\n|\n|t:|1771579767\n|switch|p2a: Miraidon|Miraidon, L50|100/100\n|-activate|p2a: Miraidon|ability: Hadron Engine\n|turn|4\n|\n|t:|1771579789\n|-terastallize|p2b: Calyrex|Water\n|move|p2a: Miraidon|Dazzling Gleam|p1b: Hitmonshe|[spread] p1a,p1b\n|-damage|p1a: Tripitz|37/100\n|-damage|p1b: Hitmonshe|0 fnt\n|faint|p1b: Hitmonshe\n|move|p1a: Tripitz|Origin Pulse|p2a: Miraidon|[spread] p2a,p2b\n|-resisted|p2a: Miraidon\n|-resisted|p2b: Calyrex\n|-damage|p2a: Miraidon|85/100\n|-damage|p2b: Calyrex|56/100\n|move|p2b: Calyrex|Trick Room|p2b: Calyrex\n|-fieldstart|move: Trick Room|[of] p2b: Calyrex\n|\n|-weather|RainDance|[upkeep]\n|-heal|p2b: Calyrex|61/100|[from] item: Leftovers\n|upkeep\n|-message|marcxhenry forfeited.\n|\n|win|ZYJHENGREG\n|raw|marcxhenry's rating: 1417 &rarr; <strong>1397</strong><br />(-20 for losing)\n|raw|ZYJHENGREG's rating: 1418 &rarr; <strong>1438</strong><br />(+20 for winning)\n|l|\u2606marcxhenry\n|player|p1|\n|l|\u2606ZYJHENGREG\n|player|p2|\n","uploadtime":1771580045,"views":15,"formatid":"gen9vgc2026regi","rating":1397,"private":0,"password":null}