{"id":"gen9vgc2026regi-2579470931","format":"[Gen 9] VGC 2026 Reg I","players":["MrMoist1","snively3"],"log":"|j|\u2606MrMoist1\n|j|\u2606snively3\n|html|<table width=\"100%\"><tr><td align=\"left\">MrMoist1</td><td align=\"right\">snively3</tr><tr><td align=\"left\"><i class=\"fa fa-circle-o\"></i> <i class=\"fa fa-circle-o\"></i> </td><td align=\"right\"><i class=\"fa fa-circle-o\"></i> <i class=\"fa fa-circle\"></i> </tr></table>\n|uhtml|bestof|<h2><strong>Game 2</strong> of <a href=\"/game-bestof3-gen9vgc2026regi-2579469476\">a best-of-3</a></h2>\n|t:|1775786239\n|gametype|doubles\n|player|p1|MrMoist1|crasherwake|\n|player|p2|snively3|veteran|\n|gen|9\n|tier|[Gen 9] VGC 2026 Reg I\n|rated|Tournament battle\n|rule|Species Clause: Limit one of each Pok\u00e9mon\n|rule|Item Clause: Limit 1 of each item\n|raw|<div class=\"infobox\"><details class=\"readmore\" open><summary><strong>4 custom rules:</strong></summary> Open Team Sheets, Force Open Team Sheets, !Open Team Sheets, Best of = 3</details></div>\n|clearpoke\n|poke|p1|Koraidon, L50|\n|poke|p1|Brute Bonnet, L50|\n|poke|p1|Incineroar, L50, F|\n|poke|p1|Urshifu-*, L50, M|\n|poke|p1|Flutter Mane, L50|\n|poke|p1|Calyrex-Shadow, L50|\n|poke|p2|Miraidon, L50|\n|poke|p2|Koraidon, L50|\n|poke|p2|Flutter Mane, L50|\n|poke|p2|Chi-Yu, L50|\n|poke|p2|Araquanid, L50, F|\n|poke|p2|Ogerpon-Cornerstone, L50, F|\n|teampreview|4\n|showteam|p1|Koraidon||ChoiceBand|OrichalcumPulse|FlameCharge,CloseCombat,FlareBlitz,Uturn||||||50|,,,,,Fire]Brute Bonnet||CovertCloak|Protosynthesis|SuckerPunch,Spore,RagePowder,PollenPuff||||||50|,,,,,Stellar]Incineroar||RockyHelmet|Intimidate|KnockOff,PartingShot,FlareBlitz,FakeOut|||F|||50|,,,,,Ghost]Urshifu-Rapid-Strike||MysticWater|UnseenFist|AquaJet,SurgingStrikes,CloseCombat,Uturn|||M|||50|,,,,,Steel]Flutter Mane||LifeOrb|Protosynthesis|Moonblast,Protect,Thunderbolt,ShadowBall||||||50|,,,,,Fairy]Calyrex-Shadow||FocusSash|AsOneSpectrier|AstralBarrage,Protect,NastyPlot,Psychic||||||50|,,,,,Psychic\n|showteam|p2|Miraidon||AssaultVest|HadronEngine|ElectroDrift,VoltSwitch,DracoMeteor,Overheat||||||50|,,,,,Electric]Koraidon||ClearAmulet|OrichalcumPulse|Protect,CollisionCourse,FlareBlitz,FlameCharge||||||50|,,,,,Fire]Flutter Mane||FocusSash|Protosynthesis|Protect,Moonblast,ShadowBall,IcyWind||||||50|,,,,,Stellar]Chi-Yu||ChoiceScarf|BeadsofRuin|HeatWave,DarkPulse,Snarl,Overheat||||||50|,,,,,Ghost]Araquanid||Leftovers|WaterBubble|WideGuard,Infestation,Protect,Liquidation|||F|||50|,,,,,Grass]Ogerpon-Cornerstone||CornerstoneMask|Sturdy|SpikyShield,IvyCudgel,FollowMe,PowerWhip|||F|||50|,,,,,Rock\n|inactive|Battle timer is ON: inactive players will automatically lose when time's up. (requested by snively3)\n|inactive|snively3 has 60 seconds left.\n|\n|t:|1775786276\n|teamsize|p1|4\n|teamsize|p2|4\n|start\n|switch|p1a: Incineroar|Incineroar, L50, F|100/100\n|switch|p1b: Urshifu|Urshifu-Rapid-Strike, L50, M|100/100\n|switch|p2a: Flutter Mane|Flutter Mane, L50|100/100\n|switch|p2b: Chi-Yu|Chi-Yu, L50|100/100\n|-ability|p2b: Chi-Yu|Beads of Ruin\n|-ability|p1a: Incineroar|Intimidate|boost\n|-unboost|p2a: Flutter Mane|atk|1\n|-unboost|p2b: Chi-Yu|atk|1\n|turn|1\n|\n|t:|1775786299\n|-terastallize|p2a: Flutter Mane|Stellar\n|-terastallize|p1b: Urshifu|Steel\n|move|p1a: Incineroar|Fake Out|p2b: Chi-Yu\n|-damage|p2b: Chi-Yu|84/100\n|cant|p2b: Chi-Yu|flinch\n|move|p2a: Flutter Mane|Shadow Ball|p1b: Urshifu\n|-damage|p1b: Urshifu|0 fnt\n|faint|p1b: Urshifu\n|\n|upkeep\n|\n|t:|1775786314\n|switch|p1b: Koraidon|Koraidon, L50|100/100\n|-weather|SunnyDay|[from] ability: Orichalcum Pulse|[of] p1b: Koraidon\n|-activate|p2a: Flutter Mane|ability: Protosynthesis\n|-start|p2a: Flutter Mane|protosynthesisspe\n|-activate|p1b: Koraidon|Orichalcum Pulse|[source]\n|turn|2\n|inactive|MrMoist1 has 30 seconds left.\n|inactive|snively3 has 30 seconds left.\n|\n|t:|1775786346\n|switch|p2b: Araquanid|Araquanid, L50, F|100/100\n|move|p2a: Flutter Mane|Moonblast|p1b: Koraidon\n|-supereffective|p1b: Koraidon\n|-damage|p1b: Koraidon|0 fnt\n|faint|p1b: Koraidon\n|move|p1a: Incineroar|Knock Off|p2b: Araquanid\n|-damage|p2b: Araquanid|73/100\n|-enditem|p2b: Araquanid|Leftovers|[from] move: Knock Off|[of] p1a: Incineroar\n|\n|-weather|SunnyDay|[upkeep]\n|upkeep\n|\n|t:|1775786355\n|switch|p1b: Flutter Mane|Flutter Mane, L50|100/100\n|-activate|p1b: Flutter Mane|ability: Protosynthesis\n|-start|p1b: Flutter Mane|protosynthesisspe\n|turn|3\n|\n|t:|1775786376\n|move|p2a: Flutter Mane|Protect|p2a: Flutter Mane\n|-singleturn|p2a: Flutter Mane|Protect\n|move|p1b: Flutter Mane|Shadow Ball|p2a: Flutter Mane\n|-activate|p2a: Flutter Mane|move: Protect\n|move|p1a: Incineroar|Knock Off|p2a: Flutter Mane\n|-activate|p2a: Flutter Mane|move: Protect\n|move|p2b: Araquanid|Infestation|p1a: Incineroar\n|-damage|p1a: Incineroar|98/100\n|-activate|p1a: Incineroar|move: Infestation|[of] p2b: Araquanid\n|-damage|p2b: Araquanid|56/100|[from] item: Rocky Helmet|[of] p1a: Incineroar\n|\n|-weather|SunnyDay|[upkeep]\n|-damage|p1a: Incineroar|85/100|[from] move: Infestation|[partiallytrapped]\n|upkeep\n|turn|4\n|-message|MrMoist1 forfeited.\n|\n|win|snively3\n|l|\u2606MrMoist1\n|player|p1|\n|l|\u2606snively3\n|player|p2|\n|j| aurora ltd\n","uploadtime":1775786482,"views":10,"formatid":"gen9vgc2026regi","rating":null,"private":0,"password":null}