{"id":"gen9vgc2026regi-2573403115","format":"[Gen 9] VGC 2026 Reg I","players":["sunny_zong3","the gamblerler"],"log":"|j|\u2606sunny_zong3\n|j|\u2606the gamblerler\n|t:|1775133109\n|gametype|doubles\n|player|p1|sunny_zong3|266|1361\n|player|p2|the gamblerler|giovanni|1446\n|gen|9\n|tier|[Gen 9] VGC 2026 Reg I\n|rated|\n|rule|Species Clause: Limit one of each Pok\u00e9mon\n|rule|Item Clause: Limit 1 of each item\n|clearpoke\n|poke|p1|Typhlosion-Hisui, L50, M|\n|poke|p1|Miraidon, L50|\n|poke|p1|Calyrex-Shadow, L50|\n|poke|p1|Maushold-Four, L50|\n|poke|p1|Annihilape, L50, M|\n|poke|p1|Murkrow, L50, M|\n|poke|p2|Calyrex-Shadow, L50|\n|poke|p2|Miraidon, L50|\n|poke|p2|Incineroar, L50, M|\n|poke|p2|Sneasler, L50, M|\n|poke|p2|Araquanid, L50, F|\n|poke|p2|Whimsicott, L50, F|\n|teampreview|4\n|inactive|Battle timer is ON: inactive players will automatically lose when time's up. (requested by the gamblerler)\n|inactive|sunny_zong3 also wants the timer to be on.\n|\n|t:|1775133136\n|teamsize|p1|4\n|teamsize|p2|4\n|start\n|switch|p1a: Murkrow|Murkrow, L50, M|100/100\n|switch|p1b: Typhlosion|Typhlosion-Hisui, L50, M|100/100\n|switch|p2a: Miraidon|Miraidon, L50|100/100\n|switch|p2b: Whimsicott|Whimsicott, L50, F|100/100\n|-fieldstart|move: Electric Terrain|[from] ability: Hadron Engine|[of] p2a: Miraidon\n|turn|1\n|\n|t:|1775133149\n|move|p2b: Whimsicott|Tailwind|p2b: Whimsicott\n|-sidestart|p2: the gamblerler|move: Tailwind\n|move|p1a: Murkrow|Tailwind|p1a: Murkrow\n|-sidestart|p1: sunny_zong3|move: Tailwind\n|move|p2a: Miraidon|Electro Drift|p1a: Murkrow\n|-supereffective|p1a: Murkrow\n|-damage|p1a: Murkrow|0 fnt\n|faint|p1a: Murkrow\n|move|p1b: Typhlosion|Endeavor|p2a: Miraidon\n|-damage|p2a: Miraidon|65/100\n|\n|upkeep\n|\n|t:|1775133161\n|switch|p1a: Miraidon|Miraidon, L50|100/100\n|-activate|p1a: Miraidon|ability: Hadron Engine\n|turn|2\n|\n|t:|1775133185\n|switch|p1b: Calyrex|Calyrex-Shadow, L50|100/100\n|-ability|p1b: Calyrex|As One\n|-ability|p1b: Calyrex|Unnerve\n|-terastallize|p1a: Miraidon|Fairy\n|move|p2b: Whimsicott|Fake Tears|p1a: Miraidon\n|-unboost|p1a: Miraidon|spd|2\n|move|p2a: Miraidon|Electro Drift|p1b: Calyrex\n|-damage|p1b: Calyrex|0 fnt\n|faint|p1b: Calyrex\n|move|p1a: Miraidon|Dazzling Gleam|p2b: Whimsicott|[spread] p2a,p2b\n|-supereffective|p2a: Miraidon\n|-damage|p2a: Miraidon|0 fnt\n|-damage|p2b: Whimsicott|24/100\n|faint|p2a: Miraidon\n|\n|upkeep\n|-message|sunny_zong3 forfeited.\n|\n|win|the gamblerler\n|raw|sunny_zong3's rating: 1361 &rarr; <strong>1346</strong><br />(-15 for losing)\n|raw|the gamblerler's rating: 1446 &rarr; <strong>1461</strong><br />(+15 for winning)\n|l|\u2606sunny_zong3\n|player|p1|\n|l|\u2606the gamblerler\n|player|p2|\n","uploadtime":1775133379,"views":12,"formatid":"gen9vgc2026regi","rating":1346,"private":0,"password":null}