{"id":"gen9vgc2026regi-2573888432","format":"[Gen 9] VGC 2026 Reg I","players":["Dom73","Bman311"],"log":"|j|\u2606Dom73\n|j|\u2606Bman311\n|t:|1775174952\n|gametype|doubles\n|player|p1|Dom73|2|1531\n|player|p2|Bman311|1|1545\n|gen|9\n|tier|[Gen 9] VGC 2026 Reg I\n|rated|\n|rule|Species Clause: Limit one of each Pok\u00e9mon\n|rule|Item Clause: Limit 1 of each item\n|clearpoke\n|poke|p1|Kyogre, L50|\n|poke|p1|Zacian-*, L50|\n|poke|p1|Rillaboom, L50, M|\n|poke|p1|Chien-Pao, L50|\n|poke|p1|Archaludon, L50, F|\n|poke|p1|Tornadus, L50, M|\n|poke|p2|Koraidon, L50|\n|poke|p2|Calyrex-Ice, L50|\n|poke|p2|Incineroar, L50, M|\n|poke|p2|Brute Bonnet, L50|\n|poke|p2|Flutter Mane, L50|\n|poke|p2|Gouging Fire, L50|\n|teampreview|4\n|inactive|Battle timer is ON: inactive players will automatically lose when time's up. (requested by Bman311)\n|inactive|Dom73 has 60 seconds left.\n|\n|t:|1775174993\n|teamsize|p1|4\n|teamsize|p2|4\n|start\n|switch|p1a: Kyogre|Kyogre, L50|100/100\n|switch|p1b: Tornadus|Tornadus, L50, M|100/100\n|switch|p2a: Calyrex|Calyrex-Ice, L50|100/100\n|switch|p2b: Brute Bonnet|Brute Bonnet, L50|100/100\n|-ability|p2a: Calyrex|As One\n|-ability|p2a: Calyrex|Unnerve\n|-weather|RainDance|[from] ability: Drizzle|[of] p1a: Kyogre\n|turn|1\n|inactive|Dom73 has 30 seconds left.\n|j| H2Obubbl3s\n|inactive|Dom73 has 20 seconds left.\n|inactive|Dom73 has 15 seconds left.\n|\n|t:|1775175033\n|-terastallize|p2a: Calyrex|Water\n|move|p1b: Tornadus|Rain Dance||[still]\n|-fail|p1b: Tornadus\n|move|p1a: Kyogre|Water Spout|p2a: Calyrex|[spread] p2a,p2b\n|-resisted|p2a: Calyrex\n|-resisted|p2b: Brute Bonnet\n|-damage|p2a: Calyrex|58/100\n|-damage|p2b: Brute Bonnet|51/100\n|move|p2b: Brute Bonnet|Spore|p1a: Kyogre\n|-status|p1a: Kyogre|slp|[from] move: Spore\n|move|p2a: Calyrex|Glacial Lance|p1a: Kyogre|[spread] p1a,p1b\n|-resisted|p1a: Kyogre\n|-supereffective|p1b: Tornadus\n|-damage|p1a: Kyogre|70/100 slp\n|-damage|p1b: Tornadus|0 fnt\n|faint|p1b: Tornadus\n|-ability|p2a: Calyrex|Chilling Neigh|boost\n|-boost|p2a: Calyrex|atk|1\n|\n|-weather|RainDance|[upkeep]\n|upkeep\n|\n|t:|1775175058\n|switch|p1b: Chien-Pao|Chien-Pao, L50|100/100\n|-ability|p1b: Chien-Pao|Sword of Ruin\n|turn|2\n|\n|t:|1775175068\n|move|p2b: Brute Bonnet|Sucker Punch|p1b: Chien-Pao\n|-resisted|p1b: Chien-Pao\n|-damage|p1b: Chien-Pao|79/100\n|move|p1b: Chien-Pao|Icicle Crash|p2b: Brute Bonnet\n|-supereffective|p2b: Brute Bonnet\n|-damage|p2b: Brute Bonnet|0 fnt\n|faint|p2b: Brute Bonnet\n|-end|p2b: Brute Bonnet|Protosynthesis|[silent]\n|cant|p1a: Kyogre|slp\n|move|p2a: Calyrex|Glacial Lance|p1b: Chien-Pao|[spread] p1a,p1b\n|-resisted|p1a: Kyogre\n|-resisted|p1b: Chien-Pao\n|-damage|p1a: Kyogre|15/100 slp\n|-damage|p1b: Chien-Pao|17/100\n|\n|-weather|RainDance|[upkeep]\n|upkeep\n|\n|t:|1775175078\n|switch|p2b: Gouging Fire|Gouging Fire, L50|100/100\n|-enditem|p2b: Gouging Fire|Booster Energy\n|-activate|p2b: Gouging Fire|ability: Protosynthesis|[fromitem]\n|-start|p2b: Gouging Fire|protosynthesisspe\n|turn|3\n|j| CrazyyBoi\n|inactive|Dom73 has 30 seconds left.\n|inactive|Dom73 has 20 seconds left.\n|inactive|Dom73 has 15 seconds left.\n|inactive|Dom73 has 10 seconds left.\n|inactive|Dom73 has 5 seconds left.\n|\n|t:|1775175133\n|move|p2b: Gouging Fire|Breaking Swipe|p1b: Chien-Pao|[spread] p1a,p1b\n|-damage|p1a: Kyogre|0 fnt\n|-damage|p1b: Chien-Pao|0 fnt\n|faint|p1a: Kyogre\n|faint|p1b: Chien-Pao\n|move|p2a: Calyrex|High Horsepower|p1: Kyogre|[notarget]\n|-fail|p2a: Calyrex\n|\n|-weather|RainDance|[upkeep]\n|upkeep\n|-message|Dom73 forfeited.\n|\n|win|Bman311\n|raw|Dom73's rating: 1531 &rarr; <strong>1512</strong><br />(-19 for losing)\n|raw|Bman311's rating: 1545 &rarr; <strong>1564</strong><br />(+19 for winning)\n|l|\u2606Dom73\n|player|p1|\n|l| H2Obubbl3s\n|l|\u2606Bman311\n|player|p2|\n","uploadtime":1775175376,"views":13,"formatid":"gen9vgc2026regi","rating":1512,"private":0,"password":null}