{"id":"gen9vgc2026regi-2579496278","format":"[Gen 9] VGC 2026 Reg I","players":["Kzrov","xiaoliyunVGC"],"log":"|j|\u2606Kzrov\n|j|\u2606xiaoliyunVGC\n|t:|1775789113\n|gametype|doubles\n|player|p1|Kzrov|veteran|1302\n|player|p2|xiaoliyunVGC|liko|1465\n|gen|9\n|tier|[Gen 9] VGC 2026 Reg I\n|rated|\n|rule|Species Clause: Limit one of each Pok\u00e9mon\n|rule|Item Clause: Limit 1 of each item\n|clearpoke\n|poke|p1|Iron Bundle, L50|\n|poke|p1|Volcarona, L50, M|\n|poke|p1|Zamazenta-*, L50|\n|poke|p1|Ursaluna-Bloodmoon, L50, M|\n|poke|p1|Farigiraf, L50, F|\n|poke|p1|Miraidon, L50|\n|poke|p2|Miraidon, L50|\n|poke|p2|Zamazenta-*, L50|\n|poke|p2|Dragonite, L50, M|\n|poke|p2|Chien-Pao, L50|\n|poke|p2|Clefairy, L50, F|\n|poke|p2|Volcarona, L50, F|\n|teampreview|4\n|inactive|Battle timer is ON: inactive players will automatically lose when time's up. (requested by xiaoliyunVGC)\n|\n|t:|1775789143\n|teamsize|p1|4\n|teamsize|p2|4\n|start\n|switch|p1a: Miraidon|Miraidon, L50|100/100\n|switch|p1b: Iron Bundle|Iron Bundle, L50|100/100\n|switch|p2a: Zamazenta|Zamazenta-Crowned, L50, shiny|100/100\n|switch|p2b: Chien-Pao|Chien-Pao, L50, shiny|100/100\n|-fieldstart|move: Electric Terrain|[from] ability: Hadron Engine|[of] p1a: Miraidon\n|-activate|p1b: Iron Bundle|ability: Quark Drive\n|-start|p1b: Iron Bundle|quarkdrivespe\n|-ability|p2b: Chien-Pao|Sword of Ruin\n|-ability|p2a: Zamazenta|Dauntless Shield|boost\n|-boost|p2a: Zamazenta|def|1\n|turn|1\n|\n|t:|1775789167\n|switch|p2b: Miraidon|Miraidon, L50, shiny|100/100\n|-activate|p2b: Miraidon|ability: Hadron Engine\n|-terastallize|p1a: Miraidon|Electric\n|move|p1b: Iron Bundle|Icy Wind|p2b: Miraidon|[spread] p2a,p2b\n|-resisted|p2a: Zamazenta\n|-crit|p2a: Zamazenta\n|-supereffective|p2b: Miraidon\n|-damage|p2a: Zamazenta|92/100\n|-damage|p2b: Miraidon|59/100\n|-unboost|p2a: Zamazenta|spe|1\n|-unboost|p2b: Miraidon|spe|1\n|move|p1a: Miraidon|Electro Drift|p2a: Zamazenta\n|-damage|p2a: Zamazenta|5/100\n|move|p2a: Zamazenta|Body Press|p1b: Iron Bundle\n|-supereffective|p1b: Iron Bundle\n|-enditem|p1b: Iron Bundle|Focus Sash\n|-damage|p1b: Iron Bundle|1/100\n|\n|upkeep\n|turn|2\n|inactive|xiaoliyunVGC has 30 seconds left.\n|\n|t:|1775789194\n|switch|p2b: Chien-Pao|Chien-Pao, L50, shiny|100/100\n|-ability|p2b: Chien-Pao|Sword of Ruin\n|move|p2a: Zamazenta|Protect|p2a: Zamazenta\n|-singleturn|p2a: Zamazenta|Protect\n|move|p1b: Iron Bundle|Ice Beam|p2b: Chien-Pao\n|-resisted|p2b: Chien-Pao\n|-damage|p2b: Chien-Pao|79/100\n|move|p1a: Miraidon|Electro Drift|p2a: Zamazenta\n|-activate|p2a: Zamazenta|move: Protect\n|\n|upkeep\n|turn|3\n|\n|t:|1775789209\n|move|p1b: Iron Bundle|Encore|p2a: Zamazenta\n|-start|p2a: Zamazenta|Encore\n|move|p1a: Miraidon|Electro Drift|p2b: Chien-Pao\n|-damage|p2b: Chien-Pao|0 fnt\n|faint|p2b: Chien-Pao\n|move|p2a: Zamazenta|Protect||[still]\n|-fail|p2a: Zamazenta\n|\n|upkeep\n|\n|t:|1775789217\n|switch|p2b: Dragonite|Dragonite, L50, M, shiny|100/100\n|turn|4\n|-message|xiaoliyunVGC forfeited.\n|\n|win|Kzrov\n|raw|Kzrov's rating: 1302 &rarr; <strong>1331</strong><br />(+29 for winning)\n|raw|xiaoliyunVGC's rating: 1465 &rarr; <strong>1436</strong><br />(-29 for losing)\n|l|\u2606xiaoliyunVGC\n|player|p2|\n","uploadtime":1775789224,"views":12,"formatid":"gen9vgc2026regi","rating":1331,"private":0,"password":null}