{"id":"gen9vgc2026regi-2547454200","format":"[Gen 9] VGC 2026 Reg I","players":["U lost da game","lalo's pollos"],"log":"|j|\u2606U lost da game\n|j|\u2606lalo's pollos\n|t:|1772091354\n|gametype|doubles\n|player|p1|U lost da game|1|1359\n|player|p2|lalo's pollos|265|1463\n|gen|9\n|tier|[Gen 9] VGC 2026 Reg I\n|rated|\n|rule|Species Clause: Limit one of each Pok\u00e9mon\n|rule|Item Clause: Limit 1 of each item\n|clearpoke\n|poke|p1|Miraidon, L50|\n|poke|p1|Ursaluna, L50, M|\n|poke|p1|Ho-Oh, L50|\n|poke|p1|Incineroar, L50, M|\n|poke|p1|Flutter Mane, L50|\n|poke|p1|Cresselia, L50, F|\n|poke|p2|Zamazenta-*, L50|\n|poke|p2|Lunala, L50|\n|poke|p2|Rillaboom, L50, M|\n|poke|p2|Incineroar, L50, M|\n|poke|p2|Urshifu-*, L50, M|\n|poke|p2|Tornadus, L50, M|\n|teampreview|4\n|inactive|Battle timer is ON: inactive players will automatically lose when time's up. (requested by lalo's pollos)\n|inactive|U lost da game has 60 seconds left.\n|inactive|U lost da game has 30 seconds left.\n|inactive|U lost da game has 20 seconds left.\n|inactive|U lost da game has 15 seconds left.\n|inactive|U lost da game has 10 seconds left.\n|inactive|U lost da game has 5 seconds left.\n|\n|t:|1772091531\n|teamsize|p1|4\n|teamsize|p2|4\n|start\n|switch|p1a: Miraidon|Miraidon, L50|100/100\n|switch|p1b: Ursaluna|Ursaluna, L50, M|100/100\n|switch|p2a: Lunala|Lunala, L50|100/100\n|switch|p2b: Rillaboom|Rillaboom, L50, M|100/100\n|-fieldstart|move: Electric Terrain|[from] ability: Hadron Engine|[of] p1a: Miraidon\n|-fieldstart|move: Grassy Terrain|[from] ability: Grassy Surge|[of] p2b: Rillaboom\n|turn|1\n|inactive|U lost da game has 30 seconds left.\n|inactive|U lost da game has 20 seconds left.\n|inactive|U lost da game has 15 seconds left.\n|inactive|U lost da game has 10 seconds left.\n|inactive|U lost da game has 5 seconds left.\n|\n|t:|1772091586\n|move|p2b: Rillaboom|Fake Out|p1a: Miraidon\n|-damage|p1a: Miraidon|90/100\n|cant|p1a: Miraidon|flinch\n|move|p2a: Lunala|Calm Mind|p2a: Lunala\n|-boost|p2a: Lunala|spa|1\n|-boost|p2a: Lunala|spd|1\n|move|p1b: Ursaluna|Headlong Rush|p2a: Lunala\n|-damage|p2a: Lunala|69/100\n|-unboost|p1b: Ursaluna|def|1\n|-unboost|p1b: Ursaluna|spd|1\n|\n|-heal|p1a: Miraidon|96/100|[from] Grassy Terrain\n|-heal|p2a: Lunala|75/100|[from] Grassy Terrain\n|-heal|p2a: Lunala|82/100|[from] item: Leftovers\n|-status|p1b: Ursaluna|brn|[from] item: Flame Orb\n|upkeep\n|turn|2\n|inactive|U lost da game has 30 seconds left.\n|inactive|U lost da game has 20 seconds left.\n|inactive|U lost da game has 15 seconds left.\n|inactive|U lost da game has 10 seconds left.\n|inactive|U lost da game has 5 seconds left.\n|\n|t:|1772091641\n|move|p2a: Lunala|Protect|p2a: Lunala\n|-singleturn|p2a: Lunala|Protect\n|move|p1a: Miraidon|Electro Drift|p2b: Rillaboom\n|-resisted|p2b: Rillaboom\n|-damage|p2b: Rillaboom|69/100\n|move|p2b: Rillaboom|Wood Hammer|p1b: Ursaluna\n|-supereffective|p1b: Ursaluna\n|-damage|p1b: Ursaluna|0 fnt\n|faint|p1b: Ursaluna\n|-damage|p2b: Rillaboom|28/100|[from] Recoil\n|\n|-heal|p1a: Miraidon|100/100|[from] Grassy Terrain\n|-heal|p2a: Lunala|88/100|[from] Grassy Terrain\n|-heal|p2a: Lunala|94/100|[from] item: Leftovers\n|-heal|p2b: Rillaboom|34/100|[from] Grassy Terrain\n|upkeep\n|inactive|U lost da game has 30 seconds left.\n|inactive|U lost da game has 20 seconds left.\n|inactive|U lost da game has 15 seconds left.\n|inactive|U lost da game has 10 seconds left.\n|inactive|U lost da game has 5 seconds left.\n|\n|t:|1772091696\n|switch|p1b: Ho-Oh|Ho-Oh, L50|100/100\n|turn|3\n|inactive|U lost da game has 30 seconds left.\n|inactive|U lost da game has 20 seconds left.\n|inactive|U lost da game has 15 seconds left.\n|inactive|U lost da game has 10 seconds left.\n|inactive|U lost da game has 5 seconds left.\n|\n|t:|1772091751\n|move|p1a: Miraidon|Electro Drift|p2a: Lunala\n|-damage|p2a: Lunala|54/100\n|move|p2a: Lunala|Moonblast|p1a: Miraidon\n|-supereffective|p1a: Miraidon\n|-damage|p1a: Miraidon|3/100\n|move|p2b: Rillaboom|U-turn|p1b: Ho-Oh\n|-resisted|p1b: Ho-Oh\n|-damage|p1b: Ho-Oh|96/100\n|\n|t:|1772091760\n|switch|p2b: Tornadus|Tornadus, L50, M|100/100|[from] U-turn\n|move|p1b: Ho-Oh|Sacred Fire|p2b: Tornadus\n|-damage|p2b: Tornadus|8/100\n|-status|p2b: Tornadus|brn\n|\n|-heal|p1a: Miraidon|9/100|[from] Grassy Terrain\n|-heal|p2a: Lunala|60/100|[from] Grassy Terrain\n|-heal|p2a: Lunala|66/100|[from] item: Leftovers\n|-damage|p2b: Tornadus|2/100 brn|[from] brn\n|upkeep\n|turn|4\n|inactive|U lost da game has 30 seconds left.\n|inactive|U lost da game has 20 seconds left.\n|inactive|U lost da game has 15 seconds left.\n|inactive|U lost da game has 10 seconds left.\n|inactive|U lost da game has 5 seconds left.\n|\n|t:|1772091816\n|move|p2b: Tornadus|Tailwind|p2b: Tornadus\n|-sidestart|p2: lalo's pollos|move: Tailwind\n|move|p2a: Lunala|Moonblast|p1a: Miraidon\n|-supereffective|p1a: Miraidon\n|-damage|p1a: Miraidon|0 fnt\n|faint|p1a: Miraidon\n|move|p1b: Ho-Oh|Sacred Fire|p2a: Lunala\n|-damage|p2a: Lunala|21/100\n|-status|p2a: Lunala|brn\n|\n|-heal|p2a: Lunala|27/100 brn|[from] Grassy Terrain\n|-heal|p2a: Lunala|33/100 brn|[from] item: Leftovers\n|-damage|p2b: Tornadus|0 fnt|[from] brn\n|faint|p2b: Tornadus\n|-damage|p2a: Lunala|27/100 brn|[from] brn\n|upkeep\n|inactive|U lost da game has 30 seconds left.\n|inactive|U lost da game has 20 seconds left.\n|inactive|U lost da game has 15 seconds left.\n|inactive|U lost da game has 10 seconds left.\n|inactive|U lost da game has 5 seconds left.\n|\n|t:|1772091871\n|switch|p1a: Incineroar|Incineroar, L50, M|100/100\n|switch|p2b: Urshifu|Urshifu-Rapid-Strike, L50, M|100/100\n|-ability|p1a: Incineroar|Intimidate|boost\n|-unboost|p2a: Lunala|atk|1\n|-unboost|p2b: Urshifu|atk|1\n|turn|5\n|inactive|U lost da game has 30 seconds left.\n|inactive|lalo's pollos has 30 seconds left.\n|inactive|U lost da game has 20 seconds left.\n|inactive|U lost da game has 15 seconds left.\n|inactive|U lost da game has 10 seconds left.\n|inactive|U lost da game has 5 seconds left.\n|\n|t:|1772091926\n|move|p2b: Urshifu|Detect|p2b: Urshifu\n|-singleturn|p2b: Urshifu|Protect\n|move|p2a: Lunala|Protect|p2a: Lunala\n|-singleturn|p2a: Lunala|Protect\n|move|p1b: Ho-Oh|Sacred Fire|p2b: Urshifu\n|-activate|p2b: Urshifu|move: Protect\n|move|p1a: Incineroar|Flare Blitz|p2b: Urshifu\n|-activate|p2b: Urshifu|move: Protect\n|\n|-heal|p2a: Lunala|33/100 brn|[from] Grassy Terrain\n|-heal|p2a: Lunala|39/100 brn|[from] item: Leftovers\n|-damage|p2a: Lunala|33/100 brn|[from] brn\n|-fieldend|move: Grassy Terrain\n|upkeep\n|turn|6\n|inactive|U lost da game has 30 seconds left.\n|inactive|U lost da game has 20 seconds left.\n|inactive|U lost da game has 15 seconds left.\n|inactive|U lost da game has 10 seconds left.\n|inactive|U lost da game has 5 seconds left.\n|-message|U lost da game lost due to inactivity.\n|\n|win|lalo's pollos\n|raw|U lost da game's rating: 1359 &rarr; <strong>1345</strong><br />(-14 for losing)\n|raw|lalo&apos;s pollos's rating: 1463 &rarr; <strong>1477</strong><br />(+14 for winning)\n|l|\u2606lalo's pollos\n|player|p2|\n","uploadtime":1772092183,"views":12,"formatid":"gen9vgc2026regi","rating":1345,"private":0,"password":null}