{"id":"gen9vgc2026regi-2590036281","format":"[Gen 9] VGC 2026 Reg I","players":["ZenGerPk","wasaad5"],"log":"|j|\u2606ZenGerPk\n|j|\u2606wasaad5\n|t:|1776782807\n|gametype|doubles\n|player|p1|ZenGerPk|n|1165\n|player|p2|wasaad5|blue|1319\n|gen|9\n|tier|[Gen 9] VGC 2026 Reg I\n|rated|\n|rule|Species Clause: Limit one of each Pok\u00e9mon\n|rule|Item Clause: Limit 1 of each item\n|clearpoke\n|poke|p1|Excadrill, L50, M|\n|poke|p1|Tyranitar, L50, F|\n|poke|p1|Gholdengo, L50|\n|poke|p1|Ogerpon-Wellspring, L50, F|\n|poke|p1|Incineroar, L50, M|\n|poke|p1|Tornadus, L50, M|\n|poke|p2|Kyurem-White, L50|\n|poke|p2|Zacian-*, L50|\n|poke|p2|Rillaboom, L50, F|\n|poke|p2|Urshifu-*, L50, M|\n|poke|p2|Amoonguss, L50, F|\n|poke|p2|Incineroar, L50, F|\n|teampreview|4\n|\n|t:|1776782831\n|teamsize|p1|4\n|teamsize|p2|4\n|start\n|switch|p1a: Tornadus|Tornadus, L50, M, shiny|100/100\n|switch|p1b: Excadrill|Excadrill, L50, M, shiny|100/100\n|switch|p2a: Urshifu|Urshifu-Rapid-Strike, L50, M|100/100\n|switch|p2b: Incineroar|Incineroar, L50, F|100/100\n|-ability|p2b: Incineroar|Intimidate|boost\n|-unboost|p1a: Tornadus|atk|1\n|-unboost|p1b: Excadrill|atk|1\n|turn|1\n|\n|t:|1776782848\n|-terastallize|p2a: Urshifu|Water\n|move|p1a: Tornadus|Protect|p1a: Tornadus\n|-singleturn|p1a: Tornadus|Protect\n|move|p1b: Excadrill|Protect|p1b: Excadrill\n|-singleturn|p1b: Excadrill|Protect\n|move|p2b: Incineroar|Fake Out|p1b: Excadrill\n|-activate|p1b: Excadrill|move: Protect\n|move|p2a: Urshifu|Surging Strikes|p1b: Excadrill\n|-supereffective|p1b: Excadrill\n|-crit|p1b: Excadrill\n|-damage|p1b: Excadrill|21/100\n|-supereffective|p1b: Excadrill\n|-crit|p1b: Excadrill\n|-damage|p1b: Excadrill|0 fnt\n|faint|p1b: Excadrill\n|-hitcount|p1: Excadrill|2\n|\n|upkeep\n|\n|t:|1776782864\n|switch|p1b: Tyranitar|Tyranitar, L50, F, shiny|100/100\n|-weather|Sandstorm|[from] ability: Sand Stream|[of] p1b: Tyranitar\n|turn|2\n|-message|ZenGerPk forfeited.\n|\n|win|wasaad5\n|raw|ZenGerPk's rating: 1165 &rarr; <strong>1150</strong><br />(-15 for losing)\n|raw|wasaad5's rating: 1319 &rarr; <strong>1331</strong><br />(+12 for winning)\n|l|\u2606ZenGerPk\n|player|p1|\n|l|\u2606wasaad5\n|player|p2|\n","uploadtime":1776783097,"views":7,"formatid":"gen9vgc2026regi","rating":1150,"private":0,"password":null}