{"id":"gen9vgc2026regi-2541385327","format":"[Gen 9] VGC 2026 Reg I","players":["j0l0k0","Tepig_nNz_498"],"log":"|j|\u2606j0l0k0\n|j|\u2606Tepig_nNz_498\n|t:|1771327725\n|gametype|doubles\n|player|p1|j0l0k0|brycen|1384\n|player|p2|Tepig_nNz_498|102|1340\n|gen|9\n|tier|[Gen 9] VGC 2026 Reg I\n|rated|\n|rule|Species Clause: Limit one of each Pok\u00e9mon\n|rule|Item Clause: Limit 1 of each item\n|clearpoke\n|poke|p1|Calyrex-Ice, L50|\n|poke|p1|Kyogre, L50|\n|poke|p1|Indeedee-F, L50, F|\n|poke|p1|Urshifu-*, L50, F|\n|poke|p1|Amoonguss, L50, F|\n|poke|p1|Landorus, L50, M|\n|poke|p2|Miraidon, L50|\n|poke|p2|Iron Bundle, L50|\n|poke|p2|Iron Hands, L50|\n|poke|p2|Farigiraf, L50, F|\n|poke|p2|Dialga-Origin, L50|\n|poke|p2|Ursaluna, L50, M|\n|teampreview|4\n|inactive|Battle timer is ON: inactive players will automatically lose when time's up. (requested by j0l0k0)\n|\n|t:|1771327750\n|teamsize|p1|4\n|teamsize|p2|4\n|start\n|switch|p1a: Indeedee|Indeedee-F, L50, F, shiny|100/100\n|switch|p1b: Calyrex|Calyrex-Ice, L50|100/100\n|switch|p2a: Miraidon|Miraidon, L50|100/100\n|switch|p2b: Farigiraf|Farigiraf, L50, F|100/100\n|-ability|p1b: Calyrex|As One\n|-ability|p1b: Calyrex|Unnerve\n|-fieldstart|move: Electric Terrain|[from] ability: Hadron Engine|[of] p2a: Miraidon\n|-enditem|p2b: Farigiraf|Electric Seed\n|-boost|p2b: Farigiraf|def|1|[from] item: Electric Seed\n|-fieldstart|move: Psychic Terrain|[from] ability: Psychic Surge|[of] p1a: Indeedee\n|turn|1\n|inactive|Tepig_nNz_498 has 30 seconds left.\n|j| riyuezi\n|inactive|Tepig_nNz_498 has 20 seconds left.\n|\n|t:|1771327790\n|move|p1a: Indeedee|Follow Me|p1a: Indeedee\n|-singleturn|p1a: Indeedee|move: Follow Me\n|move|p2a: Miraidon|Volt Switch|p1a: Indeedee\n|-damage|p1a: Indeedee|56/100\n|-damage|p2a: Miraidon|91/100|[from] item: Life Orb\n|\n|t:|1771327795\n|switch|p2a: Dialga|Dialga-Origin, L50|100/100|[from] Volt Switch\n|move|p2b: Farigiraf|Baton Pass|p2b: Farigiraf\n|\n|t:|1771327797\n|switch|p2b: Ursaluna|Ursaluna, L50, M|100/100|[from] Baton Pass\n|move|p1b: Calyrex|Glacial Lance|p2a: Dialga|[spread] p2a,p2b\n|-supereffective|p2b: Ursaluna\n|-damage|p2a: Dialga|53/100\n|-damage|p2b: Ursaluna|35/100\n|\n|-status|p2b: Ursaluna|brn|[from] item: Flame Orb\n|upkeep\n|turn|2\n|inactive|j0l0k0 has 30 seconds left.\n|inactive|j0l0k0 has 20 seconds left.\n|l| riyuezi\n|\n|t:|1771327833\n|-terastallize|p2b: Ursaluna|Ghost\n|-terastallize|p1b: Calyrex|Normal\n|move|p2a: Dialga|Flash Cannon|p1b: Calyrex\n|-damage|p1b: Calyrex|57/100\n|move|p1a: Indeedee|Psychic|p2b: Ursaluna\n|-damage|p2b: Ursaluna|0 fnt\n|faint|p2b: Ursaluna\n|move|p1b: Calyrex|Trick Room|p1b: Calyrex\n|-fieldstart|move: Trick Room|[of] p1b: Calyrex\n|\n|upkeep\n|\n|t:|1771327847\n|switch|p2b: Farigiraf|Farigiraf, L50, F|100/100\n|turn|3\n|\n|t:|1771327862\n|move|p1a: Indeedee|Helping Hand|p1b: Calyrex\n|-singleturn|p1b: Calyrex|Helping Hand|[of] p1a: Indeedee\n|move|p2b: Farigiraf|Ally Switch|p2b: Farigiraf\n|swap|p2b: Farigiraf|0|[from] move: Ally Switch\n|move|p1b: Calyrex|Glacial Lance|p2a: Farigiraf|[spread] p2a,p2b\n|-damage|p2a: Farigiraf|26/100\n|-damage|p2b: Dialga|0 fnt\n|faint|p2b: Dialga\n|-ability|p1b: Calyrex|Chilling Neigh|boost\n|-boost|p1b: Calyrex|atk|1\n|\n|upkeep\n|-message|Tepig_nNz_498 forfeited.\n|\n|win|j0l0k0\n|raw|j0l0k0's rating: 1384 &rarr; <strong>1401</strong><br />(+17 for winning)\n|raw|Tepig_nNz_498's rating: 1340 &rarr; <strong>1323</strong><br />(-17 for losing)\n|l|\u2606Tepig_nNz_498\n|player|p2|\n|l|\u2606j0l0k0\n|player|p1|\n","uploadtime":1771328034,"views":15,"formatid":"gen9vgc2026regi","rating":1323,"private":0,"password":null}