{"id":"gen9vgc2026regi-2534769778","format":"[Gen 9] VGC 2026 Reg I","players":["BOMAtheFireEnjoyer","sgcactus"],"log":"|j|\u2606BOMAtheFireEnjoyer\n|j|\u2606sgcactus\n|t:|1770474965\n|gametype|doubles\n|player|p1|BOMAtheFireEnjoyer|n|1402\n|player|p2|sgcactus|266|1499\n|gen|9\n|tier|[Gen 9] VGC 2026 Reg I\n|rated|\n|rule|Species Clause: Limit one of each Pok\u00e9mon\n|rule|Item Clause: Limit 1 of each item\n|clearpoke\n|poke|p1|Reshiram, L50|\n|poke|p1|Groudon, L50|\n|poke|p1|Walking Wake, L50|\n|poke|p1|Iron Hands, L50|\n|poke|p1|Farigiraf, L50, F|\n|poke|p1|Whimsicott, L50, M|\n|poke|p2|Calyrex-Ice, L50|\n|poke|p2|Miraidon, L50|\n|poke|p2|Ting-Lu, L50|\n|poke|p2|Indeedee-F, L50, F|\n|poke|p2|Ceruledge, L50, M|\n|poke|p2|Flutter Mane, L50|\n|teampreview|4\n|\n|t:|1770474989\n|teamsize|p1|4\n|teamsize|p2|4\n|start\n|switch|p1a: Reshiram|Reshiram, L50|100/100\n|switch|p1b: Groudon|Groudon, L50|100/100\n|switch|p2a: Calyrex|Calyrex-Ice, L50|100/100\n|switch|p2b: Flutter Mane|Flutter Mane, L50|100/100\n|-ability|p2a: Calyrex|As One\n|-ability|p2a: Calyrex|Unnerve\n|-ability|p1a: Reshiram|Turboblaze\n|-weather|SunnyDay|[from] ability: Drought|[of] p1b: Groudon\n|-activate|p2b: Flutter Mane|ability: Protosynthesis\n|-start|p2b: Flutter Mane|protosynthesisspe\n|turn|1\n|inactive|Battle timer is ON: inactive players will automatically lose when time's up. (requested by sgcactus)\n|\n|t:|1770475000\n|-terastallize|p1a: Reshiram|Fire\n|move|p2b: Flutter Mane|Icy Wind|p1b: Groudon|[spread] p1a,p1b\n|-resisted|p1a: Reshiram\n|-supereffective|p1b: Groudon\n|-damage|p1a: Reshiram|95/100\n|-damage|p1b: Groudon|80/100\n|-unboost|p1a: Reshiram|spe|1\n|move|p1b: Groudon|Precipice Blades|p2b: Flutter Mane|[spread] p2a,p2b\n|-damage|p2a: Calyrex|67/100\n|-damage|p2b: Flutter Mane|7/100\n|move|p1a: Reshiram|Blue Flare|p2a: Calyrex\n|-supereffective|p2a: Calyrex\n|-damage|p2a: Calyrex|0 fnt\n|faint|p2a: Calyrex\n|\n|-weather|SunnyDay|[upkeep]\n|upkeep\n|\n|t:|1770475017\n|switch|p2a: Miraidon|Miraidon, L50|100/100\n|-fieldstart|move: Electric Terrain|[from] ability: Hadron Engine|[of] p2a: Miraidon\n|turn|2\n|\n|t:|1770475026\n|-terastallize|p2a: Miraidon|Grass\n|move|p2b: Flutter Mane|Thunder Wave|p1a: Reshiram\n|-status|p1a: Reshiram|par\n|move|p2a: Miraidon|Tera Blast|p1b: Groudon|[anim] Tera Blast Grass\n|-supereffective|p1b: Groudon\n|-damage|p1b: Groudon|0 fnt\n|faint|p1b: Groudon\n|move|p1a: Reshiram|Blue Flare|p2a: Miraidon\n|-supereffective|p2a: Miraidon\n|-damage|p2a: Miraidon|0 fnt\n|faint|p2a: Miraidon\n|\n|-weather|SunnyDay|[upkeep]\n|upkeep\n|\n|t:|1770475031\n|switch|p2a: Ceruledge|Ceruledge, L50, M|100/100\n|switch|p1b: Iron Hands|Iron Hands, L50|100/100\n|-activate|p1b: Iron Hands|ability: Quark Drive\n|-start|p1b: Iron Hands|quarkdriveatk\n|turn|3\n|\n|t:|1770475044\n|move|p2a: Ceruledge|Ally Switch|p2a: Ceruledge\n|swap|p2a: Ceruledge|1|[from] move: Ally Switch\n|move|p2a: Flutter Mane|Dazzling Gleam|p1b: Iron Hands|[spread] p1a,p1b\n|-resisted|p1a: Reshiram\n|-supereffective|p1b: Iron Hands\n|-damage|p1a: Reshiram|85/100 par\n|-damage|p1b: Iron Hands|72/100\n|move|p1b: Iron Hands|Wild Charge|p2b: Ceruledge\n|-damage|p2b: Ceruledge|1/100\n|-damage|p1b: Iron Hands|53/100|[from] Recoil\n|move|p1a: Reshiram|Blue Flare|p2a: Flutter Mane\n|-damage|p2a: Flutter Mane|0 fnt\n|faint|p2a: Flutter Mane\n|-end|p2a: Flutter Mane|Protosynthesis|[silent]\n|\n|-weather|SunnyDay|[upkeep]\n|upkeep\n|turn|4\n|\n|t:|1770475056\n|move|p2b: Ceruledge|Bitter Blade|p1b: Iron Hands\n|-damage|p1b: Iron Hands|3/100\n|-heal|p2b: Ceruledge|34/100|[from] drain|[of] p1b: Iron Hands\n|move|p1b: Iron Hands|Wild Charge|p2b: Ceruledge\n|-damage|p2b: Ceruledge|0 fnt\n|faint|p2b: Ceruledge\n|-damage|p1b: Iron Hands|0 fnt|[from] Recoil\n|faint|p1b: Iron Hands\n|-end|p1b: Iron Hands|Quark Drive|[silent]\n|\n|win|BOMAtheFireEnjoyer\n|raw|BOMAtheFireEnjoyer's rating: 1402 &rarr; <strong>1427</strong><br />(+25 for winning)\n|raw|sgcactus's rating: 1499 &rarr; <strong>1474</strong><br />(-25 for losing)\n|c|\u2606BOMAtheFireEnjoyer|Gg\n|l|\u2606sgcactus\n|player|p2|\n|l|\u2606BOMAtheFireEnjoyer\n|player|p1|\n","uploadtime":1770475252,"views":23,"formatid":"gen9vgc2026regi","rating":1427,"private":0,"password":null}