{"id":"gen9vgc2026regi-2557941274","format":"[Gen 9] VGC 2026 Reg I","players":["ArisHazard","soten soten"],"log":"|j|\u2606ArisHazard\n|j|\u2606soten soten\n|t:|1773377137\n|gametype|doubles\n|player|p1|ArisHazard|169|1376\n|player|p2|soten soten|hilbert|1430\n|gen|9\n|tier|[Gen 9] VGC 2026 Reg I\n|rated|\n|rule|Species Clause: Limit one of each Pok\u00e9mon\n|rule|Item Clause: Limit 1 of each item\n|clearpoke\n|poke|p1|Calyrex-Ice, L50|\n|poke|p1|Hitmontop, L50, M|\n|poke|p1|Miraidon, L50|\n|poke|p1|Sableye, L50, F|\n|poke|p1|Ting-Lu, L50|\n|poke|p1|Iron Valiant, L50|\n|poke|p2|Terapagos, L50, M|\n|poke|p2|Eternatus, L50|\n|poke|p2|Incineroar, L50, M|\n|poke|p2|Grimmsnarl, L50, M|\n|poke|p2|Rillaboom, L50, F|\n|poke|p2|Urshifu-*, L50, M|\n|teampreview|4\n|inactive|Battle timer is ON: inactive players will automatically lose when time's up. (requested by soten soten)\n|\n|t:|1773377167\n|teamsize|p1|4\n|teamsize|p2|4\n|start\n|switch|p1a: Calyrex|Calyrex-Ice, L50|100/100\n|switch|p1b: Hitmontop|Hitmontop, L50, M|100/100\n|switch|p2a: Terapagos|Terapagos, L50, M|100/100\n|switch|p2b: Rillaboom|Rillaboom, L50, F|100/100\n|-activate|p2a: Terapagos|ability: Tera Shift\n|detailschange|p2a: Terapagos|Terapagos-Terastal, L50, M\n|-heal|p2a: Terapagos|100/100|[silent]\n|-ability|p1a: Calyrex|As One\n|-ability|p1a: Calyrex|Unnerve\n|-fieldstart|move: Grassy Terrain|[from] ability: Grassy Surge|[of] p2b: Rillaboom\n|-ability|p1b: Hitmontop|Intimidate|boost\n|-unboost|p2a: Terapagos|atk|1\n|-unboost|p2b: Rillaboom|atk|1\n|turn|1\n|\n|t:|1773377188\n|switch|p2b: Incineroar|Incineroar, L50, M|100/100\n|-ability|p2b: Incineroar|Intimidate|boost\n|-fail|p1a: Calyrex|unboost|[from] item: Clear Amulet|[of] p1a: Calyrex\n|-unboost|p1b: Hitmontop|atk|1\n|move|p1b: Hitmontop|Fake Out|p2a: Terapagos\n|-activate|p2a: Terapagos|ability: Tera Shell\n|-resisted|p2a: Terapagos\n|-damage|p2a: Terapagos|97/100\n|cant|p2a: Terapagos|flinch\n|move|p1a: Calyrex|Glacial Lance|p2a: Terapagos|[spread] p2a,p2b\n|-resisted|p2b: Incineroar\n|-damage|p2a: Terapagos|45/100\n|-damage|p2b: Incineroar|72/100\n|\n|-heal|p2a: Terapagos|52/100|[from] Grassy Terrain\n|-heal|p2a: Terapagos|58/100|[from] item: Leftovers\n|-heal|p2b: Incineroar|78/100|[from] Grassy Terrain\n|upkeep\n|turn|2\n|\n|t:|1773377209\n|-terastallize|p1a: Calyrex|Fire\n|move|p2b: Incineroar|Fake Out|p1b: Hitmontop\n|-damage|p1b: Hitmontop|90/100\n|move|p2a: Terapagos|Substitute|p2a: Terapagos\n|-start|p2a: Terapagos|Substitute\n|-damage|p2a: Terapagos|33/100\n|move|p1b: Hitmontop|Close Combat|p2a: Terapagos\n|-supereffective|p2a: Terapagos\n|-end|p2a: Terapagos|Substitute\n|-unboost|p1b: Hitmontop|def|1\n|-unboost|p1b: Hitmontop|spd|1\n|move|p1a: Calyrex|Glacial Lance|p2a: Terapagos|[spread] p2a,p2b\n|-resisted|p2b: Incineroar\n|-damage|p2a: Terapagos|0 fnt\n|-damage|p2b: Incineroar|52/100\n|faint|p2a: Terapagos\n|-ability|p1a: Calyrex|Chilling Neigh|boost\n|-boost|p1a: Calyrex|atk|1\n|\n|-heal|p1b: Hitmontop|95/100|[from] Grassy Terrain\n|-heal|p2b: Incineroar|58/100|[from] Grassy Terrain\n|upkeep\n|-message|soten soten forfeited.\n|\n|win|ArisHazard\n|raw|ArisHazard's rating: 1376 &rarr; <strong>1399</strong><br />(+23 for winning)\n|raw|soten soten's rating: 1430 &rarr; <strong>1407</strong><br />(-23 for losing)\n|l|\u2606soten soten\n|player|p2|\n|l|\u2606ArisHazard\n|player|p1|\n","uploadtime":1773377438,"views":15,"formatid":"gen9vgc2026regi","rating":1399,"private":0,"password":null}