{"id":"gen9vgc2026regi-2521120592","format":"[Gen 9] VGC 2026 Reg I","players":["inb_178","daisabei\u706b\u795e\u86fe\u4fa0"],"log":"|j|\u2606inb_178\n|j|\u2606daisabei\u706b\u795e\u86fe\u4fa0\n|t:|1768732779\n|gametype|doubles\n|player|p1|inb_178|2|1093\n|player|p2|daisabei\u706b\u795e\u86fe\u4fa0|may-masters4|1188\n|gen|9\n|tier|[Gen 9] VGC 2026 Reg I\n|rated|\n|rule|Species Clause: Limit one of each Pok\u00e9mon\n|rule|Item Clause: Limit 1 of each item\n|clearpoke\n|poke|p1|Miraidon, L50|\n|poke|p1|Calyrex-Shadow, L50|\n|poke|p1|Incineroar, L50, M|\n|poke|p1|Grimmsnarl, L50, M|\n|poke|p1|Clefairy, L50, M|\n|poke|p1|Sneasler, L50, M|\n|poke|p2|Calyrex-Shadow, L50|\n|poke|p2|Koraidon, L50|\n|poke|p2|Chi-Yu, L50|\n|poke|p2|Tornadus, L50, M|\n|poke|p2|Indeedee-F, L50, F|\n|poke|p2|Smeargle, L50, F|\n|teampreview|4\n|\n|t:|1768732789\n|teamsize|p1|4\n|teamsize|p2|4\n|start\n|switch|p1a: Calyrex|Calyrex-Shadow, L50|100/100\n|switch|p1b: Grimmsnarl|Grimmsnarl, L50, M|100/100\n|switch|p2a: \u9a6c\u6b7b\u4e86|Calyrex-Shadow, L50|100/100\n|switch|p2b: \u5c0f\u7b14\u7ea2\u80bf|Smeargle, L50, F, shiny|100/100\n|-ability|p2a: \u9a6c\u6b7b\u4e86|As One\n|-ability|p2a: \u9a6c\u6b7b\u4e86|Unnerve\n|-ability|p1a: Calyrex|As One\n|-ability|p1a: Calyrex|Unnerve\n|turn|1\n|\n|t:|1768732809\n|-terastallize|p2a: \u9a6c\u6b7b\u4e86|Ghost\n|-terastallize|p1a: Calyrex|Fairy\n|move|p2b: \u5c0f\u7b14\u7ea2\u80bf|Fake Out|p1b: Grimmsnarl\n|-damage|p1b: Grimmsnarl|96/100\n|cant|p1b: Grimmsnarl|flinch\n|move|p2a: \u9a6c\u6b7b\u4e86|Astral Barrage|p1a: Calyrex|[spread] p1a,p1b\n|-resisted|p1b: Grimmsnarl\n|-damage|p1a: Calyrex|0 fnt\n|-damage|p1b: Grimmsnarl|46/100\n|faint|p1a: Calyrex\n|-ability|p2a: \u9a6c\u6b7b\u4e86|Grim Neigh|boost\n|-boost|p2a: \u9a6c\u6b7b\u4e86|spa|1\n|\n|-ability|p2b: \u5c0f\u7b14\u7ea2\u80bf|Moody|boost\n|-boost|p2b: \u5c0f\u7b14\u7ea2\u80bf|spe|2\n|-unboost|p2b: \u5c0f\u7b14\u7ea2\u80bf|def|1\n|upkeep\n|\n|t:|1768732828\n|switch|p1a: Miraidon|Miraidon, L50|100/100\n|-fieldstart|move: Electric Terrain|[from] ability: Hadron Engine|[of] p1a: Miraidon\n|turn|2\n|\n|t:|1768732836\n|switch|p2b: \u4f8d\u7684\u6211\u7231\u5bfc\u7ba1|Indeedee-F, L50, F, shiny|100/100\n|-fieldstart|move: Psychic Terrain|[from] ability: Psychic Surge|[of] p2b: \u4f8d\u7684\u6211\u7231\u5bfc\u7ba1\n|move|p1b: Grimmsnarl|Light Screen|p1b: Grimmsnarl\n|-sidestart|p1: inb_178|move: Light Screen\n|move|p2a: \u9a6c\u6b7b\u4e86|Astral Barrage|p1b: Grimmsnarl|[spread] p1a,p1b\n|-resisted|p1b: Grimmsnarl\n|-damage|p1a: Miraidon|42/100\n|-damage|p1b: Grimmsnarl|0 fnt\n|faint|p1b: Grimmsnarl\n|-ability|p2a: \u9a6c\u6b7b\u4e86|Grim Neigh|boost\n|-boost|p2a: \u9a6c\u6b7b\u4e86|spa|1\n|move|p1a: Miraidon|Parabolic Charge|p2a: \u9a6c\u6b7b\u4e86|[spread] p2a,p2b\n|-damage|p2a: \u9a6c\u6b7b\u4e86|74/100\n|-heal|p1a: Miraidon|54/100|[from] drain|[of] p2a: \u9a6c\u6b7b\u4e86\n|-damage|p2b: \u4f8d\u7684\u6211\u7231\u5bfc\u7ba1|73/100\n|-heal|p1a: Miraidon|66/100|[from] drain|[of] p2b: \u4f8d\u7684\u6211\u7231\u5bfc\u7ba1\n|\n|upkeep\n|\n|t:|1768732855\n|switch|p1b: Clefairy|Clefairy, L50, M|100/100\n|turn|3\n|\n|t:|1768732860\n|move|p2b: \u4f8d\u7684\u6211\u7231\u5bfc\u7ba1|Helping Hand|p2a: \u9a6c\u6b7b\u4e86\n|-singleturn|p2a: \u9a6c\u6b7b\u4e86|Helping Hand|[of] p2b: \u4f8d\u7684\u6211\u7231\u5bfc\u7ba1\n|move|p1b: Clefairy|Protect|p1b: Clefairy\n|-singleturn|p1b: Clefairy|Protect\n|move|p2a: \u9a6c\u6b7b\u4e86|Astral Barrage|p1b: Clefairy|[spread] p1a\n|-activate|p1b: Clefairy|move: Protect\n|-crit|p1a: Miraidon\n|-damage|p1a: Miraidon|0 fnt\n|faint|p1a: Miraidon\n|-ability|p2a: \u9a6c\u6b7b\u4e86|Grim Neigh|boost\n|-boost|p2a: \u9a6c\u6b7b\u4e86|spa|1\n|\n|upkeep\n|turn|4\n|-message|inb_178 forfeited.\n|\n|win|daisabei\u706b\u795e\u86fe\u4fa0\n|raw|inb_178's rating: 1093 &rarr; <strong>1075</strong><br />(-18 for losing)\n|raw|daisabei\u706b\u795e\u86fe\u4fa0's rating: 1188 &rarr; <strong>1206</strong><br />(+18 for winning)\n|l|\u2606inb_178\n|player|p1|\n|l|\u2606daisabei\u706b\u795e\u86fe\u4fa0\n|player|p2|\n","uploadtime":1768733244,"views":12,"formatid":"gen9vgc2026regi","rating":1075,"private":0,"password":null}