{"id":"gen9vgc2026regi-2544195548","format":"[Gen 9] VGC 2026 Reg I","players":["BanKingambit69247","Lewissquire"],"log":"|j|\u2606BanKingambit69247\n|j|\u2606Lewissquire\n|t:|1771675999\n|gametype|doubles\n|player|p1|BanKingambit69247|102|1272\n|player|p2|Lewissquire|101|1365\n|gen|9\n|tier|[Gen 9] VGC 2026 Reg I\n|rated|\n|rule|Species Clause: Limit one of each Pok\u00e9mon\n|rule|Item Clause: Limit 1 of each item\n|clearpoke\n|poke|p1|Calyrex-Shadow, L50|\n|poke|p1|Zamazenta-*, L50|\n|poke|p1|Chien-Pao, L50|\n|poke|p1|Dragonite, L50, M|\n|poke|p1|Rillaboom, L50, F|\n|poke|p1|Incineroar, L50, F|\n|poke|p2|Miraidon, L50|\n|poke|p2|Calyrex-Ice, L50|\n|poke|p2|Incineroar, L50, M|\n|poke|p2|Amoonguss, L50, F|\n|poke|p2|Volcarona, L50, M|\n|poke|p2|Urshifu-*, L50, F|\n|teampreview|4\n|inactive|Battle timer is ON: inactive players will automatically lose when time's up. (requested by BanKingambit69247)\n|inactive|Lewissquire has 60 seconds left.\n|\n|t:|1771676034\n|teamsize|p1|4\n|teamsize|p2|4\n|start\n|switch|p1a: \u5976\u9f99\u6c34\u725b\u7b11.mp4|Dragonite, L50, M|100/100\n|switch|p1b: \u90a3\u6211\u7f3a\u7684\u5636\u9e23\u8fd9\u4e00\u5757\u8c01\u7ed9\u6211\u8865\u554a\u267f\u267f\u267f|Calyrex-Shadow, L50|100/100\n|switch|p2a: Calyrex|Calyrex-Ice, L50|100/100\n|switch|p2b: Incineroar|Incineroar, L50, M|100/100\n|-ability|p1b: \u90a3\u6211\u7f3a\u7684\u5636\u9e23\u8fd9\u4e00\u5757\u8c01\u7ed9\u6211\u8865\u554a\u267f\u267f\u267f|As One\n|-ability|p1b: \u90a3\u6211\u7f3a\u7684\u5636\u9e23\u8fd9\u4e00\u5757\u8c01\u7ed9\u6211\u8865\u554a\u267f\u267f\u267f|Unnerve\n|-ability|p2a: Calyrex|As One\n|-ability|p2a: Calyrex|Unnerve\n|-ability|p2b: Incineroar|Intimidate|boost\n|-fail|p1a: \u5976\u9f99\u6c34\u725b\u7b11.mp4|unboost|Attack|[from] ability: Inner Focus|[of] p1a: \u5976\u9f99\u6c34\u725b\u7b11.mp4\n|-unboost|p1b: \u90a3\u6211\u7f3a\u7684\u5636\u9e23\u8fd9\u4e00\u5757\u8c01\u7ed9\u6211\u8865\u554a\u267f\u267f\u267f|atk|1\n|turn|1\n|inactive|BanKingambit69247 has 30 seconds left.\n|inactive|Lewissquire has 30 seconds left.\n|inactive|BanKingambit69247 has 20 seconds left.\n|inactive|Lewissquire has 20 seconds left.\n|inactive|BanKingambit69247 has 15 seconds left.\n|inactive|Lewissquire has 15 seconds left.\n|inactive|BanKingambit69247 has 10 seconds left.\n|\n|t:|1771676083\n|switch|p1a: \u70ab\u70ab\u70ab\u70ab\u70ab\u70ab\u70ab\u70ab\ud83d\udc36\ud83d\udc36\ud83d\udc36|Zamazenta-Crowned, L50|100/100\n|-ability|p1a: \u70ab\u70ab\u70ab\u70ab\u70ab\u70ab\u70ab\u70ab\ud83d\udc36\ud83d\udc36\ud83d\udc36|Dauntless Shield|boost\n|-boost|p1a: \u70ab\u70ab\u70ab\u70ab\u70ab\u70ab\u70ab\u70ab\ud83d\udc36\ud83d\udc36\ud83d\udc36|def|1\n|move|p1b: \u90a3\u6211\u7f3a\u7684\u5636\u9e23\u8fd9\u4e00\u5757\u8c01\u7ed9\u6211\u8865\u554a\u267f\u267f\u267f|Protect|p1b: \u90a3\u6211\u7f3a\u7684\u5636\u9e23\u8fd9\u4e00\u5757\u8c01\u7ed9\u6211\u8865\u554a\u267f\u267f\u267f\n|-singleturn|p1b: \u90a3\u6211\u7f3a\u7684\u5636\u9e23\u8fd9\u4e00\u5757\u8c01\u7ed9\u6211\u8865\u554a\u267f\u267f\u267f|Protect\n|move|p2a: Calyrex|Protect|p2a: Calyrex\n|-singleturn|p2a: Calyrex|Protect\n|move|p2b: Incineroar|Knock Off|p1a: \u70ab\u70ab\u70ab\u70ab\u70ab\u70ab\u70ab\u70ab\ud83d\udc36\ud83d\udc36\ud83d\udc36\n|-resisted|p1a: \u70ab\u70ab\u70ab\u70ab\u70ab\u70ab\u70ab\u70ab\ud83d\udc36\ud83d\udc36\ud83d\udc36\n|-damage|p1a: \u70ab\u70ab\u70ab\u70ab\u70ab\u70ab\u70ab\u70ab\ud83d\udc36\ud83d\udc36\ud83d\udc36|95/100\n|\n|upkeep\n|turn|2\n|\n|t:|1771676101\n|-terastallize|p2a: Calyrex|Fire\n|move|p1b: \u90a3\u6211\u7f3a\u7684\u5636\u9e23\u8fd9\u4e00\u5757\u8c01\u7ed9\u6211\u8865\u554a\u267f\u267f\u267f|Encore|p2a: Calyrex\n|-start|p2a: Calyrex|Encore\n|move|p1a: \u70ab\u70ab\u70ab\u70ab\u70ab\u70ab\u70ab\u70ab\ud83d\udc36\ud83d\udc36\ud83d\udc36|Body Press|p2b: Incineroar\n|-supereffective|p2b: Incineroar\n|-crit|p2b: Incineroar\n|-damage|p2b: Incineroar|0 fnt\n|faint|p2b: Incineroar\n|move|p2a: Calyrex|Protect||[still]\n|-fail|p2a: Calyrex\n|\n|upkeep\n|-message|Lewissquire forfeited.\n|\n|win|BanKingambit69247\n|raw|BanKingambit69247's rating: 1272 &rarr; <strong>1304</strong><br />(+32 for winning)\n|raw|Lewissquire's rating: 1365 &rarr; <strong>1340</strong><br />(-25 for losing)\n|l|\u2606Lewissquire\n|player|p2|\n|l|\u2606BanKingambit69247\n|player|p1|\n","uploadtime":1771676334,"views":14,"formatid":"gen9vgc2026regi","rating":1304,"private":0,"password":null}