{"id":"gen9vgc2026regi-2552951175","format":"[Gen 9] VGC 2026 Reg I","players":["feverheadache","Rillabossman"],"log":"|j|\u2606feverheadache\n|j|\u203dRillabossman\n|t:|1772774239\n|gametype|doubles\n|player|p1|feverheadache|dawn|1317\n|player|p2|Rillabossman|2|1316\n|gen|9\n|tier|[Gen 9] VGC 2026 Reg I\n|rated|\n|rule|Species Clause: Limit one of each Pok\u00e9mon\n|rule|Item Clause: Limit 1 of each item\n|clearpoke\n|poke|p1|Tornadus, L50, M|\n|poke|p1|Kyogre, L50|\n|poke|p1|Zacian-*, L50|\n|poke|p1|Urshifu-*, L50, F|\n|poke|p1|Rillaboom, L50, M|\n|poke|p1|Raging Bolt, L50|\n|poke|p2|Miraidon, L50|\n|poke|p2|Calyrex-Ice, L50|\n|poke|p2|Incineroar, L50, F|\n|poke|p2|Urshifu-*, L50, M|\n|poke|p2|Landorus, L50, M|\n|poke|p2|Ogerpon, L50, F|\n|teampreview|4\n|inactive|Battle timer is ON: inactive players will automatically lose when time's up. (requested by feverheadache)\n|j| mtbsj\n|inactive|Rillabossman has 60 seconds left.\n|\n|t:|1772774275\n|teamsize|p1|4\n|teamsize|p2|4\n|start\n|switch|p1a: Kyogre|Kyogre, L50|100/100\n|switch|p1b: Rillaboom|Rillaboom, L50, M|100/100\n|switch|p2a: Ogerpon|Ogerpon, L50, F|100/100\n|switch|p2b: Calyrex|Calyrex-Ice, L50|100/100\n|-ability|p2b: Calyrex|As One\n|-ability|p2b: Calyrex|Unnerve\n|-weather|RainDance|[from] ability: Drizzle|[of] p1a: Kyogre\n|-fieldstart|move: Grassy Terrain|[from] ability: Grassy Surge|[of] p1b: Rillaboom\n|turn|1\n|inactive|feverheadache has 30 seconds left.\n|inactive|Rillabossman has 30 seconds left.\n|inactive|feverheadache has 20 seconds left.\n|inactive|Rillabossman has 20 seconds left.\n|inactive|Rillabossman has 15 seconds left.\n|inactive|Rillabossman has 10 seconds left.\n|inactive|Rillabossman has 5 seconds left.\n|\n|t:|1772774330\n|switch|p1a: Zacian|Zacian-Crowned, L50, shiny|100/100\n|-ability|p1a: Zacian|Intrepid Sword|boost\n|-boost|p1a: Zacian|atk|1\n|switch|p1b: Urshifu|Urshifu-Rapid-Strike, L50, F|100/100\n|move|p2a: Ogerpon|Bullet Seed|p1b: Urshifu\n|-supereffective|p1b: Urshifu\n|-damage|p1b: Urshifu|66/100\n|-supereffective|p1b: Urshifu\n|-damage|p1b: Urshifu|32/100\n|-supereffective|p1b: Urshifu\n|-damage|p1b: Urshifu|0 fnt\n|faint|p1b: Urshifu\n|-hitcount|p1: Urshifu|3\n|move|p2b: Calyrex|Trick Room|p2b: Calyrex\n|-fieldstart|move: Trick Room|[of] p2b: Calyrex\n|\n|-weather|RainDance|[upkeep]\n|upkeep\n|\n|t:|1772774342\n|switch|p1b: Rillaboom|Rillaboom, L50, M|100/100\n|turn|2\n|\n|t:|1772774362\n|switch|p2a: Incineroar|Incineroar, L50, F|100/100\n|-ability|p2a: Incineroar|Intimidate|boost\n|-unboost|p1a: Zacian|atk|1\n|-unboost|p1b: Rillaboom|atk|1\n|-terastallize|p1a: Zacian|Stellar\n|move|p2b: Calyrex|Protect|p2b: Calyrex\n|-singleturn|p2b: Calyrex|Protect\n|move|p1b: Rillaboom|Fake Out|p2a: Incineroar\n|-damage|p2a: Incineroar|91/100\n|move|p1a: Zacian|Behemoth Blade|p2b: Calyrex\n|-activate|p2b: Calyrex|move: Protect\n|\n|-weather|RainDance|[upkeep]\n|-heal|p2a: Incineroar|97/100|[from] Grassy Terrain\n|upkeep\n|turn|3\n|-message|feverheadache forfeited.\n|\n|win|Rillabossman\n|raw|feverheadache's rating: 1317 &rarr; <strong>1297</strong><br />(-20 for losing)\n|raw|Rillabossman's rating: 1316 &rarr; <strong>1336</strong><br />(+20 for winning)\n|l|\u2606feverheadache\n|player|p1|\n|l| mtbsj\n|l|\u203dRillabossman\n|player|p2|\n","uploadtime":1772774580,"views":18,"formatid":"gen9vgc2026regi","rating":1297,"private":0,"password":null}