{"id":"gen9vgc2026regi-2565578426","format":"[Gen 9] VGC 2026 Reg I","players":["isthis6thgood","kojimuranishi"],"log":"|j|\u2606isthis6thgood\n|j|\u2606kojimuranishi\n|t:|1774286740\n|gametype|doubles\n|player|p1|isthis6thgood|265|1511\n|player|p2|kojimuranishi|2|1604\n|gen|9\n|tier|[Gen 9] VGC 2026 Reg I\n|rated|\n|rule|Species Clause: Limit one of each Pok\u00e9mon\n|rule|Item Clause: Limit 1 of each item\n|clearpoke\n|poke|p1|Miraidon, L50|\n|poke|p1|Lunala, L50|\n|poke|p1|Whimsicott, L50, F|\n|poke|p1|Urshifu-*, L50, F|\n|poke|p1|Incineroar, L50, F|\n|poke|p1|Ursaluna, L50, M|\n|poke|p2|Whimsicott, L50, M|\n|poke|p2|Calyrex-Ice, L50|\n|poke|p2|Miraidon, L50|\n|poke|p2|Chi-Yu, L50|\n|poke|p2|Landorus, L50, M|\n|poke|p2|Farigiraf, L50, M|\n|teampreview|4\n|inactive|Battle timer is ON: inactive players will automatically lose when time's up. (requested by kojimuranishi)\n|j| Therazer456\n|\n|t:|1774286767\n|teamsize|p1|4\n|teamsize|p2|4\n|start\n|switch|p1a: Incineroar|Incineroar, L50, F|100/100\n|switch|p1b: Miraidon|Miraidon, L50|100/100\n|switch|p2a: Whimsicott|Whimsicott, L50, M|100/100\n|switch|p2b: Landorus|Landorus, L50, M|100/100\n|-fieldstart|move: Electric Terrain|[from] ability: Hadron Engine|[of] p1b: Miraidon\n|-ability|p1a: Incineroar|Intimidate|boost\n|-unboost|p2a: Whimsicott|atk|1\n|-unboost|p2b: Landorus|atk|1\n|turn|1\n|\n|t:|1774286787\n|move|p2b: Landorus|Protect|p2b: Landorus\n|-singleturn|p2b: Landorus|Protect\n|move|p1a: Incineroar|Fake Out|p2b: Landorus\n|-activate|p2b: Landorus|move: Protect\n|move|p2a: Whimsicott|Tailwind|p2a: Whimsicott\n|-sidestart|p2: kojimuranishi|move: Tailwind\n|move|p1b: Miraidon|Volt Switch|p2a: Whimsicott\n|-resisted|p2a: Whimsicott\n|-damage|p2a: Whimsicott|26/100\n|-damage|p1b: Miraidon|91/100|[from] item: Life Orb\n|\n|t:|1774286799\n|switch|p1b: Lunala|Lunala, L50|100/100|[from] Volt Switch\n|-enditem|p1b: Lunala|Electric Seed\n|-boost|p1b: Lunala|def|1|[from] item: Electric Seed\n|\n|upkeep\n|turn|2\n|\n|t:|1774286810\n|move|p2a: Whimsicott|Moonblast|p1b: Lunala\n|-damage|p1b: Lunala|88/100\n|move|p2b: Landorus|Sandsear Storm|p1b: Lunala|[spread] p1a,p1b\n|-supereffective|p1a: Incineroar\n|-damage|p1a: Incineroar|14/100\n|-damage|p1b: Lunala|39/100\n|move|p1b: Lunala|Moongeist Beam|p2b: Landorus\n|-damage|p2b: Landorus|22/100\n|move|p1a: Incineroar|Knock Off|p2b: Landorus\n|-damage|p2b: Landorus|0 fnt\n|-enditem|p2b: Landorus|Life Orb|[from] move: Knock Off|[of] p1a: Incineroar\n|faint|p2b: Landorus\n|\n|upkeep\n|\n|t:|1774286828\n|switch|p2b: Calyrex|Calyrex-Ice, L50|100/100\n|-ability|p2b: Calyrex|As One\n|-ability|p2b: Calyrex|Unnerve\n|turn|3\n|\n|t:|1774286841\n|-terastallize|p1a: Incineroar|Bug\n|move|p1b: Lunala|Wide Guard|p1b: Lunala\n|-singleturn|p1b: Lunala|Wide Guard\n|move|p2a: Whimsicott|Moonblast|p1a: Incineroar\n|-crit|p1a: Incineroar\n|-damage|p1a: Incineroar|0 fnt\n|faint|p1a: Incineroar\n|move|p2b: Calyrex|Icicle Crash|p1b: Lunala\n|-damage|p1b: Lunala|0 fnt\n|faint|p1b: Lunala\n|-ability|p2b: Calyrex|Chilling Neigh|boost\n|-boost|p2b: Calyrex|atk|1\n|\n|upkeep\n|\n|t:|1774286856\n|switch|p1b: Ursaluna|Ursaluna, L50, M|100/100\n|switch|p1a: Miraidon|Miraidon, L50|91/100\n|-activate|p1a: Miraidon|ability: Hadron Engine\n|turn|4\n|\n|t:|1774286881\n|move|p2a: Whimsicott|Moonblast|p1a: Miraidon\n|-supereffective|p1a: Miraidon\n|-damage|p1a: Miraidon|23/100\n|move|p2b: Calyrex|Icicle Crash|p1b: Ursaluna\n|-supereffective|p1b: Ursaluna\n|-damage|p1b: Ursaluna|0 fnt\n|faint|p1b: Ursaluna\n|-ability|p2b: Calyrex|Chilling Neigh|boost\n|-boost|p2b: Calyrex|atk|1\n|move|p1a: Miraidon|Draco Meteor|p2b: Calyrex\n|-damage|p2b: Calyrex|0 fnt\n|-unboost|p1a: Miraidon|spa|2\n|faint|p2b: Calyrex\n|-damage|p1a: Miraidon|13/100|[from] item: Life Orb\n|\n|-sideend|p2: kojimuranishi|move: Tailwind\n|upkeep\n|-message|isthis6thgood forfeited.\n|\n|win|kojimuranishi\n|raw|isthis6thgood's rating: 1511 &rarr; <strong>1496</strong><br />(-15 for losing)\n|raw|kojimuranishi's rating: 1604 &rarr; <strong>1619</strong><br />(+15 for winning)\n|l|\u2606isthis6thgood\n|player|p1|\n|l|\u2606kojimuranishi\n|player|p2|\n|l| Therazer456\n","uploadtime":1774287106,"views":18,"formatid":"gen9vgc2026regi","rating":1496,"private":0,"password":null}