{"id":"gen9vgc2026regi-2519299396","format":"[Gen 9] VGC 2026 Reg I","players":["crifab93","dthk1216"],"log":"|j|\u2606crifab93\n|j|\u2606dthk1216\n|t:|1768493486\n|gametype|doubles\n|player|p1|crifab93|n|1424\n|player|p2|dthk1216|dawn|1501\n|gen|9\n|tier|[Gen 9] VGC 2026 Reg I\n|rated|\n|rule|Species Clause: Limit one of each Pok\u00e9mon\n|rule|Item Clause: Limit 1 of each item\n|clearpoke\n|poke|p1|Rillaboom, L50, M|\n|poke|p1|Calyrex-Shadow, L50|\n|poke|p1|Zamazenta-*, L50|\n|poke|p1|Incineroar, L50, M|\n|poke|p1|Clefairy, L50, F|\n|poke|p1|Ogerpon-Hearthflame, L50, F|\n|poke|p2|Calyrex-Ice, L50|\n|poke|p2|Kyogre, L50|\n|poke|p2|Urshifu-*, L50, F|\n|poke|p2|Rillaboom, L50, M|\n|poke|p2|Grimmsnarl, L50, M|\n|poke|p2|Amoonguss, L50, M|\n|teampreview|4\n|inactive|Battle timer is ON: inactive players will automatically lose when time's up. (requested by dthk1216)\n|\n|t:|1768493530\n|teamsize|p1|4\n|teamsize|p2|4\n|start\n|switch|p1a: Rillaboom|Rillaboom, L50, M|100/100\n|switch|p1b: Calyrex|Calyrex-Shadow, L50|100/100\n|switch|p2a: Urshifu|Urshifu-Rapid-Strike, L50, F|100/100\n|switch|p2b: Kyogre|Kyogre, L50|100/100\n|-ability|p1b: Calyrex|As One\n|-ability|p1b: Calyrex|Unnerve\n|-weather|RainDance|[from] ability: Drizzle|[of] p2b: Kyogre\n|-fieldstart|move: Grassy Terrain|[from] ability: Grassy Surge|[of] p1a: Rillaboom\n|turn|1\n|\n|t:|1768493546\n|switch|p1b: Zamazenta|Zamazenta-Crowned, L50|100/100\n|-ability|p1b: Zamazenta|Dauntless Shield|boost\n|-boost|p1b: Zamazenta|def|1\n|switch|p2b: Amoonguss|Amoonguss, L50, M|100/100\n|-terastallize|p2a: Urshifu|Ghost\n|move|p1a: Rillaboom|Fake Out|p2a: Urshifu\n|-immune|p2a: Urshifu\n|move|p2a: Urshifu|Surging Strikes|p1b: Zamazenta\n|-crit|p1b: Zamazenta\n|-damage|p1b: Zamazenta|83/100\n|-crit|p1b: Zamazenta\n|-damage|p1b: Zamazenta|63/100\n|-crit|p1b: Zamazenta\n|-damage|p1b: Zamazenta|42/100\n|-hitcount|p1b: Zamazenta|3\n|\n|-weather|RainDance|[upkeep]\n|-heal|p1b: Zamazenta|48/100|[from] Grassy Terrain\n|upkeep\n|turn|2\n|inactive|crifab93 has 30 seconds left.\n|inactive|dthk1216 has 30 seconds left.\n|inactive|dthk1216 has 20 seconds left.\n|inactive|dthk1216 has 15 seconds left.\n|\n|t:|1768493590\n|move|p2a: Urshifu|Surging Strikes|p1b: Zamazenta\n|-crit|p1b: Zamazenta\n|-damage|p1b: Zamazenta|30/100\n|-crit|p1b: Zamazenta\n|-damage|p1b: Zamazenta|11/100\n|-crit|p1b: Zamazenta\n|-damage|p1b: Zamazenta|0 fnt\n|faint|p1b: Zamazenta\n|-hitcount|p1: Zamazenta|3\n|move|p1a: Rillaboom|Wood Hammer|p2a: Urshifu\n|-damage|p2a: Urshifu|23/100\n|-damage|p1a: Rillaboom|79/100|[from] Recoil\n|move|p2b: Amoonguss|Pollen Puff|p2a: Urshifu\n|-heal|p2a: Urshifu|73/100\n|\n|-weather|RainDance|[upkeep]\n|-heal|p2a: Urshifu|79/100|[from] Grassy Terrain\n|-heal|p1a: Rillaboom|85/100|[from] Grassy Terrain\n|upkeep\n|\n|t:|1768493597\n|switch|p1b: Ogerpon|Ogerpon-Hearthflame, L50, F|100/100\n|-ability|p1b: Ogerpon|Mold Breaker\n|turn|3\n|\n|t:|1768493610\n|move|p1b: Ogerpon|Grassy Glide|p2a: Urshifu\n|-damage|p2a: Urshifu|29/100\n|move|p1a: Rillaboom|Grassy Glide|p2a: Urshifu\n|-damage|p2a: Urshifu|0 fnt\n|faint|p2a: Urshifu\n|move|p2b: Amoonguss|Pollen Puff|p2: Urshifu|[notarget]\n|-fail|p2b: Amoonguss\n|\n|-weather|RainDance|[upkeep]\n|-heal|p1a: Rillaboom|90/100|[from] Grassy Terrain\n|upkeep\n|\n|t:|1768493616\n|switch|p2a: Calyrex|Calyrex-Ice, L50|100/100\n|-ability|p2a: Calyrex|As One\n|-ability|p2a: Calyrex|Unnerve\n|turn|4\n|\n|t:|1768493627\n|-terastallize|p1b: Ogerpon|Fire\n|detailschange|p1b: Ogerpon|Ogerpon-Hearthflame-Tera, L50, F, tera:Fire\n|-ability|p1b: Ogerpon|Embody Aspect (Hearthflame)|boost\n|-boost|p1b: Ogerpon|atk|1\n|move|p1b: Ogerpon|Ivy Cudgel|p2a: Calyrex|[anim] Ivy Cudgel Fire\n|-supereffective|p2a: Calyrex\n|-damage|p2a: Calyrex|21/100\n|move|p1a: Rillaboom|U-turn|p2a: Calyrex\n|-supereffective|p2a: Calyrex\n|-damage|p2a: Calyrex|0 fnt\n|faint|p2a: Calyrex\n|\n|t:|1768493637\n|switch|p1a: Calyrex|Calyrex-Shadow, L50|100/100|[from] U-turn\n|-ability|p1a: Calyrex|As One\n|-ability|p1a: Calyrex|Unnerve\n|move|p2b: Amoonguss|Pollen Puff|p2: Calyrex|[notarget]\n|-fail|p2b: Amoonguss\n|\n|-weather|RainDance|[upkeep]\n|upkeep\n|-message|dthk1216 forfeited.\n|\n|win|crifab93\n|raw|crifab93's rating: 1424 &rarr; <strong>1448</strong><br />(+24 for winning)\n|raw|dthk1216's rating: 1501 &rarr; <strong>1477</strong><br />(-24 for losing)\n|l|\u2606dthk1216\n|player|p2|\n|l|\u2606crifab93\n|player|p1|\n","uploadtime":1768493647,"views":40,"formatid":"gen9vgc2026regi","rating":1448,"private":0,"password":null}