{"id":"gen9vgc2026regi-2555335347","format":"[Gen 9] VGC 2026 Reg I","players":["ArisHazard","karan4"],"log":"|j|\u2606ArisHazard\n|j|\u2606karan4\n|t:|1773080114\n|gametype|doubles\n|player|p1|ArisHazard|102|1391\n|player|p2|karan4|lance|1351\n|gen|9\n|tier|[Gen 9] VGC 2026 Reg I\n|rated|\n|rule|Species Clause: Limit one of each Pok\u00e9mon\n|rule|Item Clause: Limit 1 of each item\n|clearpoke\n|poke|p1|Calyrex-Ice, L50|\n|poke|p1|Urshifu-*, L50, F|\n|poke|p1|Miraidon, L50|\n|poke|p1|Tornadus, L50, M|\n|poke|p1|Sableye, L50, M|\n|poke|p1|Ursaluna-Bloodmoon, L50, M|\n|poke|p2|Calyrex-Shadow, L50|\n|poke|p2|Zamazenta-*, L50|\n|poke|p2|Incineroar, L50, M|\n|poke|p2|Urshifu-*, L50, F|\n|poke|p2|Tornadus, L50, M|\n|poke|p2|Grimmsnarl, L50, M|\n|teampreview|4\n|inactive|Battle timer is ON: inactive players will automatically lose when time's up. (requested by karan4)\n|\n|t:|1773080136\n|teamsize|p1|4\n|teamsize|p2|4\n|start\n|switch|p1a: Miraidon|Miraidon, L50|100/100\n|switch|p1b: Tornadus|Tornadus, L50, M|100/100\n|switch|p2a: Grimmsnarl|Grimmsnarl, L50, M|100/100\n|switch|p2b: Incineroar|Incineroar, L50, M|100/100\n|-fieldstart|move: Electric Terrain|[from] ability: Hadron Engine|[of] p1a: Miraidon\n|-ability|p2b: Incineroar|Intimidate|boost\n|-unboost|p1a: Miraidon|atk|1\n|-unboost|p1b: Tornadus|atk|1\n|turn|1\n|\n|t:|1773080155\n|move|p2b: Incineroar|Fake Out|p1a: Miraidon\n|-damage|p1a: Miraidon|90/100\n|move|p2a: Grimmsnarl|Light Screen|p2a: Grimmsnarl\n|-sidestart|p2: karan4|move: Light Screen\n|cant|p1a: Miraidon|flinch\n|move|p1b: Tornadus|Bleakwind Storm|p2b: Incineroar|[spread] p2a\n|-miss|p1b: Tornadus|p2b: Incineroar\n|-damage|p2a: Grimmsnarl|80/100\n|-unboost|p2a: Grimmsnarl|spe|1\n|\n|upkeep\n|turn|2\n|\n|t:|1773080169\n|move|p1a: Miraidon|Volt Switch|p2b: Incineroar\n|-damage|p2b: Incineroar|62/100\n|\n|t:|1773080173\n|switch|p1a: Ursaluna|Ursaluna-Bloodmoon, L50, M|100/100|[from] Volt Switch\n|move|p1b: Tornadus|Bleakwind Storm|p2a: Grimmsnarl|[spread] p2a,p2b\n|-damage|p2a: Grimmsnarl|60/100\n|-damage|p2b: Incineroar|43/100\n|-unboost|p2b: Incineroar|spe|1\n|move|p2a: Grimmsnarl|Spirit Break|p1a: Ursaluna\n|-damage|p1a: Ursaluna|80/100\n|-unboost|p1a: Ursaluna|spa|1\n|move|p2b: Incineroar|Parting Shot|p1b: Tornadus\n|-unboost|p1b: Tornadus|atk|1\n|-unboost|p1b: Tornadus|spa|1\n|\n|t:|1773080185\n|switch|p2b: Zamazenta|Zamazenta-Crowned, L50|100/100|[from] Parting Shot\n|-ability|p2b: Zamazenta|Dauntless Shield|boost\n|-boost|p2b: Zamazenta|def|1\n|\n|upkeep\n|turn|3\n|\n|t:|1773080196\n|switch|p1a: Sableye|Sableye, L50, M|100/100\n|-terastallize|p2b: Zamazenta|Dragon\n|move|p2a: Grimmsnarl|Reflect|p2a: Grimmsnarl\n|-sidestart|p2: karan4|Reflect\n|move|p2b: Zamazenta|Body Press|p1a: Sableye\n|-immune|p1a: Sableye\n|move|p1b: Tornadus|Bleakwind Storm|p2b: Zamazenta|[spread] p2b\n|-miss|p1b: Tornadus|p2a: Grimmsnarl\n|-damage|p2b: Zamazenta|90/100\n|\n|upkeep\n|turn|4\n|\n|t:|1773080217\n|switch|p1b: Miraidon|Miraidon, L50|90/100\n|-activate|p1b: Miraidon|ability: Hadron Engine\n|move|p1a: Sableye|Encore|p2b: Zamazenta\n|-start|p2b: Zamazenta|Encore\n|move|p2b: Zamazenta|Body Press|p1b: Miraidon\n|-damage|p1b: Miraidon|26/100\n|move|p2a: Grimmsnarl|Spirit Break|p1a: Sableye\n|-supereffective|p1a: Sableye\n|-crit|p1a: Sableye\n|-damage|p1a: Sableye|0 fnt\n|faint|p1a: Sableye\n|\n|upkeep\n|-message|ArisHazard forfeited.\n|\n|win|karan4\n|raw|ArisHazard's rating: 1391 &rarr; <strong>1369</strong><br />(-22 for losing)\n|raw|karan4's rating: 1351 &rarr; <strong>1373</strong><br />(+22 for winning)\n|l|\u2606ArisHazard\n|player|p1|\n|l|\u2606karan4\n|player|p2|\n","uploadtime":1773080413,"views":21,"formatid":"gen9vgc2026regi","rating":1369,"private":0,"password":null}