{"id":"gen9vgc2026regi-2590344234","format":"[Gen 9] VGC 2026 Reg I","players":["tbyong","airline198"],"log":"|j|\u2606tbyong\n|j|\u2606airline198\n|t:|1776802608\n|gametype|doubles\n|player|p1|tbyong|iris-gen5bw2|1351\n|player|p2|airline198|winona-gen6|1451\n|gen|9\n|tier|[Gen 9] VGC 2026 Reg I\n|rated|\n|rule|Species Clause: Limit one of each Pok\u00e9mon\n|rule|Item Clause: Limit 1 of each item\n|clearpoke\n|poke|p1|Amoonguss, L50, F|\n|poke|p1|Rillaboom, L50, F|\n|poke|p1|Incineroar, L50, F|\n|poke|p1|Calyrex-Shadow, L50|\n|poke|p1|Urshifu-*, L50, M|\n|poke|p1|Ho-Oh, L50|\n|poke|p2|Calyrex-Ice, L50|\n|poke|p2|Scraggy, L50, F|\n|poke|p2|Miraidon, L50|\n|poke|p2|Farigiraf, L50, F|\n|poke|p2|Iron Treads, L50|\n|poke|p2|Iron Hands, L50|\n|teampreview|4\n|inactive|Battle timer is ON: inactive players will automatically lose when time's up. (requested by airline198)\nairline198 has agreed to open team sheets.\n|\n|t:|1776802616\n|teamsize|p1|4\n|teamsize|p2|4\n|start\n|switch|p1a: Amoonguss|Amoonguss, L50, F|100/100\n|switch|p1b: Ho-Oh|Ho-Oh, L50|100/100\n|switch|p2a: Iron Treads|Iron Treads, L50|100/100\n|switch|p2b: Miraidon|Miraidon, L50|100/100\n|-fieldstart|move: Electric Terrain|[from] ability: Hadron Engine|[of] p2b: Miraidon\n|-activate|p2a: Iron Treads|ability: Quark Drive\n|-start|p2a: Iron Treads|quarkdrivespe\n|turn|1\n|inactive|tbyong has 30 seconds left.\n|inactive|tbyong has 20 seconds left.\n|\n|t:|1776802651\n|switch|p1b: Rillaboom|Rillaboom, L50, F|100/100\n|-fieldstart|move: Grassy Terrain|[from] ability: Grassy Surge|[of] p1b: Rillaboom\n|-end|p2a: Iron Treads|Quark Drive\n|move|p2a: Iron Treads|Protect|p2a: Iron Treads\n|-singleturn|p2a: Iron Treads|Protect\n|move|p2b: Miraidon|Draco Meteor|p1a: Amoonguss\n|-damage|p1a: Amoonguss|1/100\n|-unboost|p2b: Miraidon|spa|2\n|move|p1a: Amoonguss|Spore|p2b: Miraidon\n|-status|p2b: Miraidon|slp|[from] move: Spore\n|\n|-heal|p1a: Amoonguss|7/100|[from] Grassy Terrain\n|upkeep\n|turn|2\n|inactive|airline198 has 30 seconds left.\n|inactive|airline198 has 20 seconds left.\n|inactive|airline198 has 15 seconds left.\n|inactive|airline198 has 10 seconds left.\n|\n|t:|1776802697\n|switch|p2b: Farigiraf|Farigiraf, L50, F|100/100\n|move|p2a: Iron Treads|High Horsepower|p1a: Amoonguss\n|-damage|p1a: Amoonguss|0 fnt\n|-damage|p2a: Iron Treads|84/100|[from] item: Rocky Helmet|[of] p1a: Amoonguss\n|faint|p1a: Amoonguss\n|-damage|p2a: Iron Treads|75/100|[from] item: Life Orb\n|move|p1b: Rillaboom|U-turn|p2a: Iron Treads\n|-resisted|p2a: Iron Treads\n|-damage|p2a: Iron Treads|65/100\n|\n|t:|1776802709\n|switch|p1b: Ho-Oh|Ho-Oh, L50|100/100|[from] U-turn\n|\n|-heal|p2a: Iron Treads|71/100|[from] Grassy Terrain\n|upkeep\n|\n|t:|1776802717\n|switch|p1a: Calyrex|Calyrex-Shadow, L50|100/100\n|-ability|p1a: Calyrex|As One\n|-ability|p1a: Calyrex|Unnerve\n|turn|3\n|\n|t:|1776802740\n|switch|p2b: Miraidon|Miraidon, L50|100/100 slp\n|-fieldstart|move: Electric Terrain|[from] ability: Hadron Engine|[of] p2b: Miraidon\n|-activate|p2a: Iron Treads|ability: Quark Drive\n|-start|p2a: Iron Treads|quarkdrivespe\n|move|p2a: Iron Treads|Knock Off|p1a: Calyrex\n|-supereffective|p1a: Calyrex\n|-damage|p1a: Calyrex|0 fnt\n|-enditem|p1a: Calyrex|Choice Specs|[from] move: Knock Off|[of] p2a: Iron Treads\n|faint|p1a: Calyrex\n|-damage|p2a: Iron Treads|61/100|[from] item: Life Orb\n|move|p1b: Ho-Oh|Brave Bird|p2b: Miraidon\n|-resisted|p2b: Miraidon\n|-damage|p2b: Miraidon|71/100 slp\n|-damage|p1b: Ho-Oh|91/100|[from] Recoil\n|\n|upkeep\n|inactive|tbyong has 30 seconds left.\n|c|\u2606tbyong|does it has hand to knock off\n|c|\u2606tbyong|unintuitively\n|inactive|tbyong has 20 seconds left.\n|inactive|tbyong has 15 seconds left.\n|-message|tbyong forfeited.\n|\n|win|airline198\n|raw|tbyong's rating: 1351 &rarr; <strong>1337</strong><br />(-14 for losing)\n|raw|airline198's rating: 1451 &rarr; <strong>1465</strong><br />(+14 for winning)\n|c|\u2606airline198|i guess its trunk?\n|l|\u2606airline198\n|player|p2|\n|l|\u2606tbyong\n|player|p1|\n","uploadtime":1776802980,"views":6,"formatid":"gen9vgc2026regi","rating":1337,"private":0,"password":null}