{"id":"gen9vgc2026regi-2564292639","format":"[Gen 9] VGC 2026 Reg I","players":["terafireflareblitz","OUFR snakeburger"],"log":"|j|\u2606terafireflareblitz\n|j|\u2606OUFR snakeburger\n|t:|1774129297\n|gametype|doubles\n|player|p1|terafireflareblitz|sycamore|1408\n|player|p2|OUFR snakeburger|2|1315\n|gen|9\n|tier|[Gen 9] VGC 2026 Reg I\n|rated|\n|rule|Species Clause: Limit one of each Pok\u00e9mon\n|rule|Item Clause: Limit 1 of each item\n|clearpoke\n|poke|p1|Koraidon, L50|\n|poke|p1|Lunala, L50|\n|poke|p1|Indeedee-F, L50, F|\n|poke|p1|Flutter Mane, L50|\n|poke|p1|Volcarona, L50, F|\n|poke|p1|Ursaluna, L50, F|\n|poke|p2|Calyrex-Shadow, L50|\n|poke|p2|Zamazenta-*, L50|\n|poke|p2|Chien-Pao, L50|\n|poke|p2|Dragonite, L50, F|\n|poke|p2|Raging Bolt, L50|\n|poke|p2|Amoonguss, L50, F|\n|teampreview|4\n|inactive|Battle timer is ON: inactive players will automatically lose when time's up. (requested by terafireflareblitz)\n|c|\u2606OUFR snakeburger|glhf\n|inactive|OUFR snakeburger has 60 seconds left.\n|\n|t:|1774129339\n|teamsize|p1|4\n|teamsize|p2|4\n|start\n|switch|p1a: Lunala|Lunala, L50, shiny|100/100\n|switch|p1b: Indeedee|Indeedee-F, L50, F|100/100\n|switch|p2a: Raging Bolt|Raging Bolt, L50|100/100\n|switch|p2b: Amoonguss|Amoonguss, L50, F|100/100\n|-fieldstart|move: Psychic Terrain|[from] ability: Psychic Surge|[of] p1b: Indeedee\n|-enditem|p2a: Raging Bolt|Booster Energy\n|-activate|p2a: Raging Bolt|ability: Protosynthesis|[fromitem]\n|-start|p2a: Raging Bolt|protosynthesisspa\n|turn|1\n|\n|t:|1774129362\n|switch|p2b: Zamazenta|Zamazenta-Crowned, L50|100/100\n|-ability|p2b: Zamazenta|Dauntless Shield|boost\n|-boost|p2b: Zamazenta|def|1\n|move|p1b: Indeedee|Follow Me|p1b: Indeedee\n|-singleturn|p1b: Indeedee|move: Follow Me\n|move|p1a: Lunala|Expanding Force|p2a: Raging Bolt|[spread] p2a,p2b\n|-damage|p2a: Raging Bolt|39/100\n|-damage|p2b: Zamazenta|53/100\n|move|p2a: Raging Bolt|Thunderbolt|p1b: Indeedee\n|-damage|p1b: Indeedee|29/100\n|\n|upkeep\n|turn|2\n|inactive|OUFR snakeburger has 30 seconds left.\n|inactive|OUFR snakeburger has 20 seconds left.\n|inactive|OUFR snakeburger has 15 seconds left.\n|\n|t:|1774129407\n|switch|p1b: Volcarona|Volcarona, L50, F|100/100\n|move|p2b: Zamazenta|Body Press|p1b: Volcarona\n|-resisted|p1b: Volcarona\n|-damage|p1b: Volcarona|68/100\n|-damage|p2b: Zamazenta|37/100|[from] item: Rocky Helmet|[of] p1b: Volcarona\n|move|p1a: Lunala|Meteor Beam||[still]\n|-prepare|p1a: Lunala|Meteor Beam\n|-boost|p1a: Lunala|spa|1\n|-enditem|p1a: Lunala|Power Herb\n|-anim|p1a: Lunala|Meteor Beam|p2a: Raging Bolt\n|-damage|p2a: Raging Bolt|0 fnt\n|faint|p2a: Raging Bolt\n|-end|p2a: Raging Bolt|Protosynthesis|[silent]\n|\n|upkeep\n|\n|t:|1774129418\n|switch|p2a: Calyrex|Calyrex-Shadow, L50|100/100\n|-ability|p2a: Calyrex|As One\n|-ability|p2a: Calyrex|Unnerve\n|turn|3\n|\n|t:|1774129425\n|-terastallize|p2a: Calyrex|Ghost\n|-terastallize|p1a: Lunala|Water\n|move|p2b: Zamazenta|Wide Guard|p2b: Zamazenta\n|-singleturn|p2b: Zamazenta|Wide Guard\n|move|p2a: Calyrex|Astral Barrage|p1a: Lunala|[spread] p1a,p1b\n|-damage|p1a: Lunala|75/100\n|-damage|p1b: Volcarona|3/100\n|move|p1a: Lunala|Moongeist Beam|p2a: Calyrex\n|-supereffective|p2a: Calyrex\n|-enditem|p2a: Calyrex|Focus Sash\n|-damage|p2a: Calyrex|1/100\n|move|p1b: Volcarona|Tailwind|p1b: Volcarona\n|-sidestart|p1: terafireflareblitz|move: Tailwind\n|\n|upkeep\n|turn|4\n|c|\u2606OUFR snakeburger|gg\n|-message|OUFR snakeburger forfeited.\n|\n|win|terafireflareblitz\n|raw|terafireflareblitz's rating: 1408 &rarr; <strong>1423</strong><br />(+15 for winning)\n|raw|OUFR snakeburger's rating: 1315 &rarr; <strong>1300</strong><br />(-15 for losing)\n","uploadtime":1774129435,"views":11,"formatid":"gen9vgc2026regi","rating":1300,"private":0,"password":null}