{"id":"gen9vgc2026regi-2529471785","format":"[Gen 9] VGC 2026 Reg I","players":["CHR1SPHX","steviesdad2"],"log":"|j|\u2606CHR1SPHX\n|j|\u2606steviesdad2\n|t:|1769790619\n|gametype|doubles\n|player|p1|CHR1SPHX|hilbert-wonderlauncher|1266\n|player|p2|steviesdad2|102|1358\n|gen|9\n|tier|[Gen 9] VGC 2026 Reg I\n|rated|\n|rule|Species Clause: Limit one of each Pok\u00e9mon\n|rule|Item Clause: Limit 1 of each item\n|clearpoke\n|poke|p1|Urshifu-*, L50, M|\n|poke|p1|Chien-Pao, L50|\n|poke|p1|Kyogre, L50|\n|poke|p1|Miraidon, L50|\n|poke|p1|Iron Hands, L50|\n|poke|p1|Tornadus, L50, M|\n|poke|p2|Farigiraf, L50, M|\n|poke|p2|Miraidon, L50|\n|poke|p2|Urshifu-*, L50, M|\n|poke|p2|Calyrex-Ice, L50|\n|poke|p2|Ogerpon-Wellspring, L50, F|\n|poke|p2|Whimsicott, L50, M|\n|teampreview|4\n|inactive|Battle timer is ON: inactive players will automatically lose when time's up. (requested by CHR1SPHX)\n|inactive|CHR1SPHX has 60 seconds left.\n|inactive|steviesdad2 has 60 seconds left.\n|\n|t:|1769790657\n|teamsize|p1|4\n|teamsize|p2|4\n|start\n|switch|p1a: Chien-Pao|Chien-Pao, L50|100/100\n|switch|p1b: Iron Hands|Iron Hands, L50|100/100\n|switch|p2a: Miraidon|Miraidon, L50|100/100\n|switch|p2b: Ogerpon|Ogerpon-Wellspring, L50, F|100/100\n|-fieldstart|move: Electric Terrain|[from] ability: Hadron Engine|[of] p2a: Miraidon\n|-activate|p1b: Iron Hands|ability: Quark Drive\n|-start|p1b: Iron Hands|quarkdriveatk\n|-ability|p1a: Chien-Pao|Sword of Ruin\n|turn|1\n|\n|t:|1769790673\n|switch|p2b: Farigiraf|Farigiraf, L50, M|100/100\n|-terastallize|p2a: Miraidon|Electric\n|move|p1a: Chien-Pao|Protect|p1a: Chien-Pao\n|-singleturn|p1a: Chien-Pao|Protect\n|move|p2a: Miraidon|Dazzling Gleam|p1b: Iron Hands|[spread] p1b\n|-activate|p1a: Chien-Pao|move: Protect\n|-supereffective|p1b: Iron Hands\n|-damage|p1b: Iron Hands|61/100\n|-damage|p2a: Miraidon|91/100|[from] item: Life Orb\n|move|p1b: Iron Hands|Stomping Tantrum|p2a: Miraidon\n|-supereffective|p2a: Miraidon\n|-damage|p2a: Miraidon|0 fnt\n|faint|p2a: Miraidon\n|\n|upkeep\n|\n|t:|1769790686\n|switch|p2a: Calyrex|Calyrex-Ice, L50|100/100\n|-ability|p2a: Calyrex|As One\n|-ability|p2a: Calyrex|Unnerve\n|turn|2\n|\n|t:|1769790699\n|move|p1a: Chien-Pao|Ruination|p2b: Farigiraf\n|-damage|p2b: Farigiraf|51/100\n|move|p1b: Iron Hands|Thunder Punch|p2b: Farigiraf\n|-damage|p2b: Farigiraf|0 fnt\n|faint|p2b: Farigiraf\n|move|p2a: Calyrex|High Horsepower|p1b: Iron Hands\n|-supereffective|p1b: Iron Hands\n|-damage|p1b: Iron Hands|0 fnt\n|faint|p1b: Iron Hands\n|-end|p1b: Iron Hands|Quark Drive|[silent]\n|-ability|p2a: Calyrex|Chilling Neigh|boost\n|-boost|p2a: Calyrex|atk|1\n|\n|upkeep\n|\n|t:|1769790710\n|switch|p2b: Ogerpon|Ogerpon-Wellspring, L50, F|100/100\n|switch|p1b: Miraidon|Miraidon, L50|100/100\n|-activate|p1b: Miraidon|ability: Hadron Engine\n|turn|3\n|\n|t:|1769790722\n|move|p2b: Ogerpon|Spiky Shield|p2b: Ogerpon\n|-singleturn|p2b: Ogerpon|move: Protect\n|move|p1a: Chien-Pao|Sucker Punch|p2a: Calyrex\n|-supereffective|p2a: Calyrex\n|-damage|p2a: Calyrex|48/100\n|move|p1b: Miraidon|Electro Drift|p2a: Calyrex\n|-damage|p2a: Calyrex|0 fnt\n|faint|p2a: Calyrex\n|-damage|p1b: Miraidon|91/100|[from] item: Life Orb\n|\n|upkeep\n|turn|4\n|-message|steviesdad2 forfeited.\n|\n|win|CHR1SPHX\n|raw|CHR1SPHX's rating: 1266 &rarr; <strong>1297</strong><br />(+31 for winning)\n|raw|steviesdad2's rating: 1358 &rarr; <strong>1333</strong><br />(-25 for losing)\n|l|\u2606steviesdad2\n|player|p2|\n|l|\u2606CHR1SPHX\n|player|p1|\n","uploadtime":1769790931,"views":11,"formatid":"gen9vgc2026regi","rating":1297,"private":0,"password":null}