{"id":"gen9vgc2026regi-2561115093","format":"[Gen 9] VGC 2026 Reg I","players":["whytaylorissocold","comfy n ez 2 wear"],"log":"|j|\u2606whytaylorissocold\n|j|\u2606comfy n ez 2 wear\n|html|<table width=\"100%\"><tr><td align=\"left\">whytaylorissocold</td><td align=\"right\">comfy n ez 2 wear</tr><tr><td align=\"left\"><i class=\"fa fa-circle-o\"></i> <i class=\"fa fa-circle-o\"></i> </td><td align=\"right\"><i class=\"fa fa-circle-o\"></i> <i class=\"fa fa-circle-o\"></i> </tr></table>\n|uhtml|bestof|<h2><strong>Game 1</strong> of <a href=\"/game-bestof3-gen9vgc2026regi-2561115092\">a best-of-3</a></h2>\n|t:|1773765932\n|gametype|doubles\n|player|p1|whytaylorissocold|ghetsis-gen5bw|\n|player|p2|comfy n ez 2 wear|265|\n|gen|9\n|tier|[Gen 9] VGC 2026 Reg I\n|rated|Tournament battle\n|rule|Species Clause: Limit one of each Pok\u00e9mon\n|rule|Item Clause: Limit 1 of each item\n|raw|<div class=\"infobox\"><details class=\"readmore\" open><summary><strong>4 custom rules:</strong></summary> Open Team Sheets, Force Open Team Sheets, !Open Team Sheets, Best of = 3</details></div>\n|clearpoke\n|poke|p1|Zamazenta-*, L50|\n|poke|p1|Calyrex-Shadow, L50|\n|poke|p1|Raging Bolt, L50|\n|poke|p1|Chien-Pao, L50|\n|poke|p1|Amoonguss, L50, F|\n|poke|p1|Urshifu-*, L50, F|\n|poke|p2|Ogerpon, L50, F|\n|poke|p2|Miraidon, L50|\n|poke|p2|Farigiraf, L50, F|\n|poke|p2|Groudon, L50|\n|poke|p2|Flutter Mane, L50|\n|poke|p2|Iron Hands, L50|\n|teampreview|4\n|showteam|p1|Zamazenta-Crowned||RustedShield|DauntlessShield|BodyPress,behemothbash,WideGuard,Protect||||||50|,,,,,Dragon]Calyrex-Shadow||FocusSash|AsOneSpectrier|AstralBarrage,Psychic,Encore,Protect||||||50|,,,,,Ghost]Raging Bolt||AssaultVest|Protosynthesis|Thunderclap,Electroweb,Snarl,DracoMeteor||||||50|,,,,,Fairy]Chien-Pao||LifeOrb|SwordofRuin|IceSpinner,SuckerPunch,ThroatChop,Protect||||||50|,,,,,Stellar]Amoonguss||RockyHelmet|Regenerator|SludgeBomb,Spore,RagePowder,Protect|||F|||50|,,,,,Water]Urshifu-Rapid-Strike||ChoiceScarf|UnseenFist|SurgingStrikes,CloseCombat,AquaJet,Uturn|||F|||50|,,,,,Water\n|showteam|p2|Ogerpon||LoadedDice|Defiant|BulletSeed,RockTomb,FollowMe,SpikyShield|||F|||50|,,,,,Grass]Miraidon||CovertCloak|HadronEngine|ParabolicCharge,DragonPulse,CalmMind,Protect||||||50|,,,,,Electric]Farigiraf||ElectricSeed|ArmorTail|FoulPlay,Psychic,HelpingHand,TrickRoom|||F|||50|,,,,,Water]Groudon||ClearAmulet|Drought|PrecipiceBlades,FirePunch,HighHorsepower,Protect||||||50|,,,,,Fire]Flutter Mane||FocusSash|Protosynthesis|Moonblast,IcyWind,Taunt,Protect||||||50|,,,,,Fairy]Iron Hands||AssaultVest|QuarkDrive|DrainPunch,LowKick,WildCharge,FakeOut||||||50|,,,,,Water\n|j| ghostistheman\n|\n|t:|1773765979\n|teamsize|p1|4\n|teamsize|p2|4\n|start\n|switch|p1a: Calyrex|Calyrex-Shadow, L50|100/100\n|switch|p1b: Amoonguss|Amoonguss, L50, F|100/100\n|switch|p2a: Ogerpon|Ogerpon, L50, F|100/100\n|switch|p2b: Miraidon|Miraidon, L50|100/100\n|-ability|p1a: Calyrex|As One\n|-ability|p1a: Calyrex|Unnerve\n|-fieldstart|move: Electric Terrain|[from] ability: Hadron Engine|[of] p2b: Miraidon\n|turn|1\n|\n|t:|1773766012\n|-terastallize|p1a: Calyrex|Ghost\n|-terastallize|p2a: Ogerpon|Grass\n|detailschange|p2a: Ogerpon|Ogerpon-Teal-Tera, L50, F, tera:Grass\n|-ability|p2a: Ogerpon|Embody Aspect (Teal)|boost\n|-boost|p2a: Ogerpon|spe|1\n|move|p2a: Ogerpon|Bullet Seed|p1a: Calyrex\n|-damage|p1a: Calyrex|81/100\n|-damage|p1a: Calyrex|61/100\n|-damage|p1a: Calyrex|40/100\n|-damage|p1a: Calyrex|19/100\n|-hitcount|p1a: Calyrex|4\n|move|p1a: Calyrex|Astral Barrage|p2b: Miraidon|[spread] p2a,p2b\n|-damage|p2a: Ogerpon|17/100\n|-damage|p2b: Miraidon|44/100\n|move|p2b: Miraidon|Calm Mind|p2b: Miraidon\n|-boost|p2b: Miraidon|spa|1\n|-boost|p2b: Miraidon|spd|1\n|move|p1b: Amoonguss|Sludge Bomb|p2a: Ogerpon\n|-supereffective|p2a: Ogerpon\n|-damage|p2a: Ogerpon|0 fnt\n|faint|p2a: Ogerpon\n|detailschange|p2: Ogerpon|Ogerpon, L50, F|[silent]\n|\n|upkeep\n|\n|t:|1773766031\n|switch|p2a: Flutter Mane|Flutter Mane, L50|100/100\n|turn|2\n|\n|t:|1773766067\n|move|p1a: Calyrex|Astral Barrage|p2b: Miraidon|[spread] p2a,p2b\n|-supereffective|p2a: Flutter Mane\n|-enditem|p2a: Flutter Mane|Focus Sash\n|-damage|p2a: Flutter Mane|1/100\n|-damage|p2b: Miraidon|8/100\n|move|p2a: Flutter Mane|Icy Wind|p1a: Calyrex|[spread] p1a,p1b\n|-supereffective|p1b: Amoonguss\n|-damage|p1a: Calyrex|5/100\n|-damage|p1b: Amoonguss|74/100\n|-unboost|p1a: Calyrex|spe|1\n|-unboost|p1b: Amoonguss|spe|1\n|move|p2b: Miraidon|Dragon Pulse|p1b: Amoonguss\n|-damage|p1b: Amoonguss|0 fnt\n|faint|p1b: Amoonguss\n|\n|upkeep\n|\n|t:|1773766087\n|switch|p1b: Raging Bolt|Raging Bolt, L50|100/100\n|turn|3\n|\n|t:|1773766115\n|move|p2a: Flutter Mane|Protect|p2a: Flutter Mane\n|-singleturn|p2a: Flutter Mane|Protect\n|move|p1a: Calyrex|Protect|p1a: Calyrex\n|-singleturn|p1a: Calyrex|Protect\n|move|p1b: Raging Bolt|Thunderclap|p2b: Miraidon\n|-resisted|p2b: Miraidon\n|-damage|p2b: Miraidon|1/100\n|move|p2b: Miraidon|Dragon Pulse|p1b: Raging Bolt\n|-supereffective|p1b: Raging Bolt\n|-damage|p1b: Raging Bolt|0 fnt\n|faint|p1b: Raging Bolt\n|-end|p1b: Raging Bolt|Protosynthesis|[silent]\n|\n|upkeep\n|\n|t:|1773766124\n|switch|p1b: Chien-Pao|Chien-Pao, L50|100/100\n|-ability|p1b: Chien-Pao|Sword of Ruin\n|turn|4\n|\n|t:|1773766135\n|move|p1b: Chien-Pao|Sucker Punch|p2a: Flutter Mane\n|-crit|p2a: Flutter Mane\n|-damage|p2a: Flutter Mane|0 fnt\n|faint|p2a: Flutter Mane\n|-end|p2a: Flutter Mane|Protosynthesis|[silent]\n|-damage|p1b: Chien-Pao|91/100|[from] item: Life Orb\n|move|p2b: Miraidon|Parabolic Charge|p1b: Chien-Pao|[spread] p1a,p1b\n|-damage|p1a: Calyrex|0 fnt\n|-heal|p2b: Miraidon|3/100|[from] drain|[of] p1a: Calyrex\n|-damage|p1b: Chien-Pao|0 fnt\n|-heal|p2b: Miraidon|38/100|[from] drain|[of] p1b: Chien-Pao\n|faint|p1a: Calyrex\n|faint|p1b: Chien-Pao\n|\n|win|comfy n ez 2 wear\n","uploadtime":1773766136,"views":10,"formatid":"gen9vgc2026regi","rating":null,"private":0,"password":null}