{"id":"gen9vgc2026regi-2562593877","format":"[Gen 9] VGC 2026 Reg I","players":["Mirthinion","freegr"],"log":"|j|\u2606Mirthinion\n|j|\u2606freegr\n|t:|1773933198\n|gametype|doubles\n|player|p1|Mirthinion|janitor|1375\n|player|p2|freegr|dawn|1435\n|gen|9\n|tier|[Gen 9] VGC 2026 Reg I\n|rated|\n|rule|Species Clause: Limit one of each Pok\u00e9mon\n|rule|Item Clause: Limit 1 of each item\n|clearpoke\n|poke|p1|Calyrex-Shadow, L50|\n|poke|p1|Zamazenta-*, L50|\n|poke|p1|Urshifu-*, L50, M|\n|poke|p1|Incineroar, L50, M|\n|poke|p1|Rillaboom, L50, M|\n|poke|p1|Tornadus, L50, M|\n|poke|p2|Calyrex-Shadow, L50|\n|poke|p2|Zamazenta-*, L50|\n|poke|p2|Chien-Pao, L50|\n|poke|p2|Raging Bolt, L50|\n|poke|p2|Whimsicott, L50, M|\n|poke|p2|Ogerpon-Cornerstone, L50, F|\n|teampreview|4\n|inactive|Battle timer is ON: inactive players will automatically lose when time's up. (requested by Mirthinion)\nMirthinion rejected open team sheets.\n|inactive|Mirthinion has 60 seconds left.\n|inactive|Mirthinion has 30 seconds left.\n|inactive|Mirthinion has 20 seconds left.\n|\n|t:|1773933269\n|teamsize|p1|4\n|teamsize|p2|4\n|start\n|switch|p1a: Vangwe|Tornadus, L50, M|100/100\n|switch|p1b: Mithrandir|Calyrex-Shadow, L50|100/100\n|switch|p2a: Zamazenta|Zamazenta-Crowned, L50, shiny|100/100\n|switch|p2b: Chien-Pao|Chien-Pao, L50, shiny|100/100\n|-ability|p1b: Mithrandir|As One\n|-ability|p1b: Mithrandir|Unnerve\n|-ability|p2b: Chien-Pao|Sword of Ruin\n|-ability|p2a: Zamazenta|Dauntless Shield|boost\n|-boost|p2a: Zamazenta|def|1\n|turn|1\n|inactive|Mirthinion has 30 seconds left.\n|\n|t:|1773933300\n|move|p1a: Vangwe|Taunt|p2a: Zamazenta\n|-start|p2a: Zamazenta|move: Taunt\n|move|p1b: Mithrandir|Pollen Puff|p2b: Chien-Pao\n|-supereffective|p2b: Chien-Pao\n|-damage|p2b: Chien-Pao|9/100\n|move|p2b: Chien-Pao|Ice Spinner|p1b: Mithrandir\n|-damage|p1b: Mithrandir|56/100\n|move|p2a: Zamazenta|Heavy Slam|p1b: Mithrandir\n|-damage|p1b: Mithrandir|0 fnt\n|faint|p1b: Mithrandir\n|\n|upkeep\n|\n|t:|1773933313\n|switch|p1b: Beowulf|Urshifu-Rapid-Strike, L50, M|100/100\n|turn|2\n|\n|t:|1773933334\n|-terastallize|p2a: Zamazenta|Dragon\n|-terastallize|p1b: Beowulf|Ghost\n|move|p2b: Chien-Pao|Ice Spinner|p1a: Vangwe\n|-supereffective|p1a: Vangwe\n|-damage|p1a: Vangwe|0 fnt\n|faint|p1a: Vangwe\n|move|p2a: Zamazenta|Body Press|p1b: Beowulf\n|-immune|p1b: Beowulf\n|move|p1b: Beowulf|Surging Strikes|p2a: Zamazenta\n|-resisted|p2a: Zamazenta\n|-crit|p2a: Zamazenta\n|-damage|p2a: Zamazenta|89/100\n|-resisted|p2a: Zamazenta\n|-crit|p2a: Zamazenta\n|-damage|p2a: Zamazenta|78/100\n|-resisted|p2a: Zamazenta\n|-crit|p2a: Zamazenta\n|-damage|p2a: Zamazenta|68/100\n|-hitcount|p2a: Zamazenta|3\n|\n|upkeep\n|\n|t:|1773933349\n|switch|p1a: Drambor|Zamazenta-Crowned, L50|100/100\n|-ability|p1a: Drambor|Dauntless Shield|boost\n|-boost|p1a: Drambor|def|1\n|turn|3\n|\n|t:|1773933358\n|move|p2b: Chien-Pao|Ruination|p1b: Beowulf\n|-damage|p1b: Beowulf|50/100\n|move|p1a: Drambor|Body Press|p2b: Chien-Pao\n|-supereffective|p2b: Chien-Pao\n|-damage|p2b: Chien-Pao|0 fnt\n|faint|p2b: Chien-Pao\n|move|p2a: Zamazenta|Heavy Slam|p1b: Beowulf\n|-damage|p1b: Beowulf|0 fnt\n|faint|p1b: Beowulf\n|\n|-end|p2a: Zamazenta|move: Taunt\n|upkeep\n|\n|t:|1773933365\n|switch|p2b: Raging Bolt|Raging Bolt, L50|100/100\n|-enditem|p2b: Raging Bolt|Booster Energy\n|-activate|p2b: Raging Bolt|ability: Protosynthesis|[fromitem]\n|-start|p2b: Raging Bolt|protosynthesisspa\n|turn|4\n|\n|t:|1773933373\n|move|p1a: Drambor|Body Press|p2b: Raging Bolt\n|-damage|p2b: Raging Bolt|39/100\n|move|p2a: Zamazenta|Body Press|p1a: Drambor\n|-supereffective|p1a: Drambor\n|-damage|p1a: Drambor|39/100\n|move|p2b: Raging Bolt|Thunderbolt|p1a: Drambor\n|-damage|p1a: Drambor|0 fnt\n|faint|p1a: Drambor\n|\n|win|freegr\n|raw|Mirthinion's rating: 1375 &rarr; <strong>1358</strong><br />(-17 for losing)\n|raw|freegr's rating: 1435 &rarr; <strong>1452</strong><br />(+17 for winning)\n","uploadtime":1773933383,"views":76,"formatid":"gen9vgc2026regi","rating":1358,"private":0,"password":null}