{"id":"gen9vgc2026regi-2577815364","format":"[Gen 9] VGC 2026 Reg I","players":["lctrem","uhh daneooo"],"log":"|j|\u2606lctrem\n|j|\u2606uhh daneooo\n|t:|1775608780\n|gametype|doubles\n|player|p1|lctrem|ghetsis-gen5bw|1462\n|player|p2|uhh daneooo|2|1449\n|gen|9\n|tier|[Gen 9] VGC 2026 Reg I\n|rated|\n|rule|Species Clause: Limit one of each Pok\u00e9mon\n|rule|Item Clause: Limit 1 of each item\n|clearpoke\n|poke|p1|Calyrex-Ice, L50|\n|poke|p1|Scraggy, L50, F|\n|poke|p1|Miraidon, L50|\n|poke|p1|Farigiraf, L50, M|\n|poke|p1|Iron Treads, L50|\n|poke|p1|Iron Hands, L50|\n|poke|p2|Grafaiai, L50, M|\n|poke|p2|Miraidon, L50|\n|poke|p2|Tornadus, L50, M|\n|poke|p2|Kyogre, L50|\n|poke|p2|Iron Treads, L50|\n|poke|p2|Flutter Mane, L50|\n|teampreview|4\n|inactive|Battle timer is ON: inactive players will automatically lose when time's up. (requested by uhh daneooo)\n|inactive|lctrem has 60 seconds left.\n|l|\u2606uhh daneooo\n|inactive|uhh daneooo disconnected and has a minute to reconnect!\n|player|p2|\n|\n|t:|1775608844\n|teamsize|p1|4\n|teamsize|p2|4\n|start\n|switch|p1a: Miraidon|Miraidon, L50|100/100\n|switch|p1b: Farigiraf|Farigiraf, L50, M|100/100\n|switch|p2a: Miraidon|Miraidon, L50|100/100\n|switch|p2b: Grafaiai|Grafaiai, L50, M|100/100\n|-fieldstart|move: Electric Terrain|[from] ability: Hadron Engine|[of] p2a: Miraidon\n|-enditem|p2b: Grafaiai|Electric Seed\n|-boost|p2b: Grafaiai|def|1|[from] item: Electric Seed\n|-enditem|p1b: Farigiraf|Electric Seed\n|-boost|p1b: Farigiraf|def|1|[from] item: Electric Seed\n|-activate|p1a: Miraidon|ability: Hadron Engine\n|turn|1\n|j|\u2606uhh daneooo\n|inactive|uhh daneooo reconnected and has 55 seconds left.\n|player|p2|uhh daneooo|2|\n|\n|t:|1775608858\n|-terastallize|p1a: Miraidon|Fairy\n|move|p2b: Grafaiai|Acid Spray|p1b: Farigiraf\n|-damage|p1b: Farigiraf|91/100\n|-unboost|p1b: Farigiraf|spd|2\n|move|p2a: Miraidon|Electro Drift|p1b: Farigiraf\n|-damage|p1b: Farigiraf|0 fnt\n|faint|p1b: Farigiraf\n|move|p1a: Miraidon|Volt Switch|p2b: Grafaiai\n|-damage|p2b: Grafaiai|0 fnt\n|faint|p2b: Grafaiai\n|\n|t:|1775608870\n|switch|p1a: Calyrex|Calyrex-Ice, L50|100/100|[from] Volt Switch\n|-ability|p1a: Calyrex|As One\n|-ability|p1a: Calyrex|Unnerve\n|\n|upkeep\n|\n|t:|1775608877\n|switch|p2b: Kyogre|Kyogre, L50|100/100\n|switch|p1b: Scraggy|Scraggy, L50, F|100/100\n|-weather|RainDance|[from] ability: Drizzle|[of] p2b: Kyogre\n|-ability|p1b: Scraggy|Intimidate|boost\n|-unboost|p2a: Miraidon|atk|1\n|-unboost|p2b: Kyogre|atk|1\n|turn|2\n|\n|t:|1775608897\n|-terastallize|p2b: Kyogre|Ghost\n|move|p1b: Scraggy|Fake Out|p2b: Kyogre\n|-immune|p2b: Kyogre\n|move|p2a: Miraidon|Electro Drift|p1a: Calyrex\n|-damage|p1a: Calyrex|34/100\n|move|p2b: Kyogre|Water Spout|p1b: Scraggy|[spread] p1a,p1b\n|-damage|p1a: Calyrex|0 fnt\n|-damage|p1b: Scraggy|0 fnt\n|faint|p1a: Calyrex\n|faint|p1b: Scraggy\n|\n|-weather|RainDance|[upkeep]\n|upkeep\n|-message|lctrem forfeited.\n|\n|win|uhh daneooo\n|raw|lctrem's rating: 1462 &rarr; <strong>1441</strong><br />(-21 for losing)\n|raw|uhh daneooo's rating: 1449 &rarr; <strong>1470</strong><br />(+21 for winning)\n|l|\u2606lctrem\n|player|p1|\n|l|\u2606uhh daneooo\n|player|p2|\n","uploadtime":1775609154,"views":9,"formatid":"gen9vgc2026regi","rating":1441,"private":0,"password":null}