{"id":"gen9vgc2026regi-2567411653","format":"[Gen 9] VGC 2026 Reg I","players":["chappell murkroan","BlackBookVGC"],"log":"|j|\u2606chappell murkroan\n|j|\u2606BlackBookVGC\n|t:|1774473770\n|gametype|doubles\n|player|p1|chappell murkroan|caitlin|1444\n|player|p2|BlackBookVGC|lyra|1510\n|gen|9\n|tier|[Gen 9] VGC 2026 Reg I\n|rated|\n|rule|Species Clause: Limit one of each Pok\u00e9mon\n|rule|Item Clause: Limit 1 of each item\n|clearpoke\n|poke|p1|Calyrex-Shadow, L50|\n|poke|p1|Zamazenta-*, L50|\n|poke|p1|Chien-Pao, L50|\n|poke|p1|Dragonite, L50, M|\n|poke|p1|Raging Bolt, L50|\n|poke|p1|Amoonguss, L50, M|\n|poke|p2|Lunala, L50|\n|poke|p2|Incineroar, L50, M|\n|poke|p2|Whimsicott, L50, F|\n|poke|p2|Urshifu-*, L50, F|\n|poke|p2|Miraidon, L50|\n|poke|p2|Ursaluna, L50, F|\n|teampreview|4\n|inactive|Battle timer is ON: inactive players will automatically lose when time's up. (requested by chappell murkroan)\n|inactive|chappell murkroan has 60 seconds left.\n|\n|t:|1774473809\n|teamsize|p1|4\n|teamsize|p2|4\n|start\n|switch|p1a: Arlie|Chien-Pao, L50|100/100\n|switch|p1b: Green Goober|Dragonite, L50, M|100/100\n|switch|p2a: Whimsicott|Whimsicott, L50, F, shiny|100/100\n|switch|p2b: Urshifu|Urshifu-Rapid-Strike, L50, F|100/100\n|-ability|p1a: Arlie|Sword of Ruin\n|turn|1\n|\n|t:|1774473824\n|-terastallize|p1b: Green Goober|Normal\n|move|p1b: Green Goober|Extreme Speed|p2b: Urshifu\n|-damage|p2b: Urshifu|12/100\n|move|p1a: Arlie|Sucker Punch|p2b: Urshifu\n|-resisted|p2b: Urshifu\n|-damage|p2b: Urshifu|0 fnt\n|faint|p2b: Urshifu\n|move|p2a: Whimsicott|Tailwind|p2a: Whimsicott\n|-sidestart|p2: BlackBookVGC|move: Tailwind\n|\n|upkeep\n|\n|t:|1774473842\n|switch|p2b: Miraidon|Miraidon, L50, shiny|100/100\n|-fieldstart|move: Electric Terrain|[from] ability: Hadron Engine|[of] p2b: Miraidon\n|turn|2\n|\n|t:|1774473859\n|switch|p2a: Lunala|Lunala, L50, shiny|100/100\n|-enditem|p2a: Lunala|Electric Seed\n|-boost|p2a: Lunala|def|1|[from] item: Electric Seed\n|-terastallize|p2b: Miraidon|Fairy\n|move|p1b: Green Goober|Extreme Speed|p2b: Miraidon\n|-damage|p2b: Miraidon|7/100\n|move|p1a: Arlie|Sucker Punch|p2b: Miraidon\n|-resisted|p2b: Miraidon\n|-damage|p2b: Miraidon|0 fnt\n|faint|p2b: Miraidon\n|\n|upkeep\n|\n|t:|1774473870\n|switch|p2b: Whimsicott|Whimsicott, L50, F, shiny|100/100\n|turn|3\n|-message|BlackBookVGC forfeited.\n|\n|win|chappell murkroan\n|raw|chappell murkroan's rating: 1444 &rarr; <strong>1468</strong><br />(+24 for winning)\n|raw|BlackBookVGC's rating: 1510 &rarr; <strong>1486</strong><br />(-24 for losing)\n|l|\u2606BlackBookVGC\n|player|p2|\n|l|\u2606chappell murkroan\n|player|p1|\n","uploadtime":1774474134,"views":16,"formatid":"gen9vgc2026regi","rating":1468,"private":0,"password":null}