{"id":"gen9vgc2026regi-2519827953","format":"[Gen 9] VGC 2026 Reg I","players":["1zha","HAHAHAHAHAHAHH"],"log":"|j|\u26061zha\n|j|\u2606HAHAHAHAHAHAHH\n|t:|1768557025\n|gametype|doubles\n|player|p1|1zha|battlegirl-gen4|1213\n|player|p2|HAHAHAHAHAHAHH|n|1076\n|gen|9\n|tier|[Gen 9] VGC 2026 Reg I\n|rated|\n|rule|Species Clause: Limit one of each Pok\u00e9mon\n|rule|Item Clause: Limit 1 of each item\n|clearpoke\n|poke|p1|Calyrex-Shadow, L50|\n|poke|p1|Zamazenta-*, L50|\n|poke|p1|Whimsicott, L50, M|\n|poke|p1|Maushold-Four, L50|\n|poke|p1|Chi-Yu, L50|\n|poke|p1|Amoonguss, L50, F|\n|poke|p2|Calyrex-Shadow, L50|\n|poke|p2|Alomomola, L50, M|\n|poke|p2|Urshifu-*, L50, F|\n|poke|p2|Regieleki, L50|\n|poke|p2|Tornadus, L50, M|\n|poke|p2|Koraidon, L50|\n|teampreview|4\n|inactive|Battle timer is ON: inactive players will automatically lose when time's up. (requested by HAHAHAHAHAHAHH)\n|\n|t:|1768557043\n|teamsize|p1|4\n|teamsize|p2|4\n|start\n|switch|p1a: Whimsicott|Whimsicott, L50, M|100/100\n|switch|p1b: Chi-Yu|Chi-Yu, L50|100/100\n|switch|p2a: Calyrex|Calyrex-Shadow, L50|100/100\n|switch|p2b: Alomomola|Alomomola, L50, M|100/100\n|-ability|p2a: Calyrex|As One\n|-ability|p2a: Calyrex|Unnerve\n|-ability|p1b: Chi-Yu|Beads of Ruin\n|turn|1\n|\n|t:|1768557054\n|switch|p2a: Tornadus|Tornadus, L50, M|100/100\n|move|p1a: Whimsicott|Tailwind|p1a: Whimsicott\n|-sidestart|p1: 1zha|move: Tailwind\n|move|p1b: Chi-Yu|Overheat|p2a: Tornadus\n|-damage|p2a: Tornadus|0 fnt\n|-unboost|p1b: Chi-Yu|spa|2\n|faint|p2a: Tornadus\n|move|p2b: Alomomola|Scald|p1b: Chi-Yu\n|-supereffective|p1b: Chi-Yu\n|-damage|p1b: Chi-Yu|62/100\n|\n|upkeep\n|\n|t:|1768557061\n|switch|p2a: Calyrex|Calyrex-Shadow, L50|100/100\n|-ability|p2a: Calyrex|As One\n|-ability|p2a: Calyrex|Unnerve\n|turn|2\n|\n|t:|1768557082\n|-terastallize|p2a: Calyrex|Ghost\n|move|p1a: Whimsicott|Encore|p2b: Alomomola\n|-start|p2b: Alomomola|Encore\n|move|p1b: Chi-Yu|Overheat|p2a: Calyrex\n|-damage|p2a: Calyrex|28/100\n|-unboost|p1b: Chi-Yu|spa|2\n|move|p2a: Calyrex|Astral Barrage|p1b: Chi-Yu|[spread] p1a,p1b\n|-resisted|p1b: Chi-Yu\n|-enditem|p1a: Whimsicott|Focus Sash\n|-damage|p1a: Whimsicott|1/100\n|-damage|p1b: Chi-Yu|0 fnt\n|faint|p1b: Chi-Yu\n|-ability|p2a: Calyrex|Grim Neigh|boost\n|-boost|p2a: Calyrex|spa|1\n|move|p2b: Alomomola|Scald|p1a: Whimsicott\n|-resisted|p1a: Whimsicott\n|-damage|p1a: Whimsicott|0 fnt\n|faint|p1a: Whimsicott\n|\n|upkeep\n|\n|t:|1768557097\n|switch|p1a: Calyrex|Calyrex-Shadow, L50|100/100\n|switch|p1b: Zamazenta|Zamazenta-Crowned, L50|100/100\n|-ability|p1a: Calyrex|As One\n|-ability|p1a: Calyrex|Unnerve\n|-ability|p1b: Zamazenta|Dauntless Shield|boost\n|-boost|p1b: Zamazenta|def|1\n|turn|3\n|\n|t:|1768557109\n|move|p1a: Calyrex|Astral Barrage|p2b: Alomomola|[spread] p2a,p2b\n|-supereffective|p2a: Calyrex\n|-damage|p2a: Calyrex|0 fnt\n|-damage|p2b: Alomomola|17/100\n|faint|p2a: Calyrex\n|-ability|p1a: Calyrex|Grim Neigh|boost\n|-boost|p1a: Calyrex|spa|1\n|-damage|p1a: Calyrex|91/100|[from] item: Life Orb\n|move|p1b: Zamazenta|Body Press|p2b: Alomomola\n|-damage|p2b: Alomomola|0 fnt\n|faint|p2b: Alomomola\n|\n|upkeep\n|\n|t:|1768557114\n|switch|p2b: Koraidon|Koraidon, L50, shiny|100/100\n|-weather|SunnyDay|[from] ability: Orichalcum Pulse|[of] p2b: Koraidon\n|-activate|p2b: Koraidon|Orichalcum Pulse|[source]\n|turn|4\n|\n|t:|1768557121\n|move|p1a: Calyrex|Astral Barrage|p2b: Koraidon\n|-damage|p2b: Koraidon|0 fnt\n|faint|p2b: Koraidon\n|-damage|p1a: Calyrex|81/100|[from] item: Life Orb\n|\n|win|1zha\n|raw|1zha's rating: 1213 &rarr; <strong>1229</strong><br />(+16 for winning)\n|raw|HAHAHAHAHAHAHH's rating: 1076 &rarr; <strong>1063</strong><br />(-13 for losing)\n","uploadtime":1768557129,"views":17,"formatid":"gen9vgc2026regi","rating":1063,"private":0,"password":null}