{"id":"gen9vgc2026regi-2573658637","format":"[Gen 9] VGC 2026 Reg I","players":["renlovgc","Mirthinion"],"log":"|j|\u2606renlovgc\n|j|\u2606Mirthinion\n|t:|1775154404\n|gametype|doubles\n|player|p1|renlovgc|101|1459\n|player|p2|Mirthinion|janitor|1516\n|gen|9\n|tier|[Gen 9] VGC 2026 Reg I\n|rated|\n|rule|Species Clause: Limit one of each Pok\u00e9mon\n|rule|Item Clause: Limit 1 of each item\n|clearpoke\n|poke|p1|Groudon, L50|\n|poke|p1|Lunala, L50|\n|poke|p1|Flutter Mane, L50|\n|poke|p1|Incineroar, L50, F|\n|poke|p1|Brute Bonnet, L50|\n|poke|p1|Ursaluna, L50, F|\n|poke|p2|Calyrex-Shadow, L50|\n|poke|p2|Zamazenta-*, L50|\n|poke|p2|Urshifu-*, L50, M|\n|poke|p2|Incineroar, L50, M|\n|poke|p2|Rillaboom, L50, M|\n|poke|p2|Tornadus, L50, M|\n|teampreview|4\n|inactive|Battle timer is ON: inactive players will automatically lose when time's up. (requested by Mirthinion)\n|inactive|renlovgc also wants the timer to be on.\nMirthinion rejected open team sheets.\n|inactive|renlovgc has 60 seconds left.\n|\n|t:|1775154454\n|teamsize|p1|4\n|teamsize|p2|4\n|start\n|switch|p1a: Flutter Mane|Flutter Mane, L50|100/100\n|switch|p1b: Incineroar|Incineroar, L50, F|100/100\n|switch|p2a: Vangwe|Tornadus, L50, M|100/100\n|switch|p2b: Beowulf|Urshifu-Rapid-Strike, L50, M|100/100\n|-ability|p1b: Incineroar|Intimidate|boost\n|-unboost|p2a: Vangwe|atk|1\n|-unboost|p2b: Beowulf|atk|1\n|turn|1\n|inactive|renlovgc has 30 seconds left.\n|\n|t:|1775154480\n|-terastallize|p2b: Beowulf|Ghost\n|move|p1b: Incineroar|Fake Out|p2b: Beowulf\n|-immune|p2b: Beowulf\n|move|p2a: Vangwe|Tailwind|p2a: Vangwe\n|-sidestart|p2: Mirthinion|move: Tailwind\n|move|p2b: Beowulf|Surging Strikes|p1a: Flutter Mane\n|-crit|p1a: Flutter Mane\n|-damage|p1a: Flutter Mane|39/100\n|-crit|p1a: Flutter Mane\n|-damage|p1a: Flutter Mane|0 fnt\n|faint|p1a: Flutter Mane\n|-end|p1a: Flutter Mane|Protosynthesis|[silent]\n|-hitcount|p1: Flutter Mane|2\n|\n|upkeep\n|\n|t:|1775154492\n|switch|p1a: Lunala|Lunala, L50|100/100\n|turn|2\n|\n|t:|1775154512\n|-terastallize|p1b: Incineroar|Bug\n|move|p2a: Vangwe|Taunt|p1a: Lunala\n|-start|p1a: Lunala|move: Taunt\n|move|p2b: Beowulf|Surging Strikes|p1b: Incineroar\n|-crit|p1b: Incineroar\n|-damage|p1b: Incineroar|76/100\n|-crit|p1b: Incineroar\n|-damage|p1b: Incineroar|54/100\n|-crit|p1b: Incineroar\n|-damage|p1b: Incineroar|30/100\n|-hitcount|p1b: Incineroar|3\n|move|p1a: Lunala|Meteor Beam||[still]\n|-prepare|p1a: Lunala|Meteor Beam\n|-boost|p1a: Lunala|spa|1\n|-enditem|p1a: Lunala|Power Herb\n|-anim|p1a: Lunala|Meteor Beam|p2a: Vangwe\n|-supereffective|p2a: Vangwe\n|-damage|p2a: Vangwe|0 fnt\n|faint|p2a: Vangwe\n|move|p1b: Incineroar|Knock Off|p2b: Beowulf\n|-supereffective|p2b: Beowulf\n|-damage|p2b: Beowulf|19/100\n|-enditem|p2b: Beowulf|Choice Band|[from] move: Knock Off|[of] p1b: Incineroar\n|\n|upkeep\n|\n|t:|1775154533\n|switch|p2a: Mithrandir|Calyrex-Shadow, L50|100/100\n|-ability|p2a: Mithrandir|As One\n|-ability|p2a: Mithrandir|Unnerve\n|turn|3\n|\n|t:|1775154548\n|switch|p1b: Groudon|Groudon, L50|100/100\n|-weather|SunnyDay|[from] ability: Drought|[of] p1b: Groudon\n|move|p2b: Beowulf|Aqua Jet|p1a: Lunala\n|-damage|p1a: Lunala|98/100\n|move|p2a: Mithrandir|Astral Barrage|p1b: Groudon|[spread] p1a,p1b\n|-supereffective|p1a: Lunala\n|-damage|p1a: Lunala|0 fnt\n|-damage|p1b: Groudon|71/100\n|faint|p1a: Lunala\n|-ability|p2a: Mithrandir|Grim Neigh|boost\n|-boost|p2a: Mithrandir|spa|1\n|\n|-weather|SunnyDay|[upkeep]\n|upkeep\n|\n|t:|1775154559\n|switch|p1a: Incineroar|Incineroar, L50, F, tera:Bug|30/100\n|-ability|p1a: Incineroar|Intimidate|boost\n|-unboost|p2a: Mithrandir|atk|1\n|-unboost|p2b: Beowulf|atk|1\n|turn|4\n|\n|t:|1775154568\n|move|p2a: Mithrandir|Astral Barrage|p1b: Groudon|[spread] p1a,p1b\n|-damage|p1a: Incineroar|0 fnt\n|-damage|p1b: Groudon|24/100\n|faint|p1a: Incineroar\n|-ability|p2a: Mithrandir|Grim Neigh|boost\n|-boost|p2a: Mithrandir|spa|1\n|move|p2b: Beowulf|Surging Strikes|p1b: Groudon\n|-supereffective|p1b: Groudon\n|-crit|p1b: Groudon\n|-damage|p1b: Groudon|12/100\n|-supereffective|p1b: Groudon\n|-crit|p1b: Groudon\n|-damage|p1b: Groudon|0 fnt\n|faint|p1b: Groudon\n|-hitcount|p1: Groudon|2\n|\n|win|Mirthinion\n|raw|renlovgc's rating: 1459 &rarr; <strong>1442</strong><br />(-17 for losing)\n|raw|Mirthinion's rating: 1516 &rarr; <strong>1533</strong><br />(+17 for winning)\n","uploadtime":1775154582,"views":44,"formatid":"gen9vgc2026regi","rating":1442,"private":0,"password":null}