{"id":"gen9vgc2026regi-2544450920","format":"[Gen 9] VGC 2026 Reg I","players":["Zorse Mentality","MaxDOM"],"log":"|j|\u2606Zorse Mentality\n|j|\u2606MaxDOM\n|t:|1771708363\n|gametype|doubles\n|player|p1|Zorse Mentality|1|1230\n|player|p2|MaxDOM|265|1295\n|gen|9\n|tier|[Gen 9] VGC 2026 Reg I\n|rated|\n|rule|Species Clause: Limit one of each Pok\u00e9mon\n|rule|Item Clause: Limit 1 of each item\n|clearpoke\n|poke|p1|Calyrex-Ice, L50|\n|poke|p1|Kyogre, L50|\n|poke|p1|Tornadus, L50, M|\n|poke|p1|Indeedee-F, L50, F|\n|poke|p1|Ursaluna, L50, M|\n|poke|p1|Urshifu-*, L50, M|\n|poke|p2|Calyrex-Shadow, L50|\n|poke|p2|Indeedee-F, L50, F|\n|poke|p2|Urshifu-*, L50, M|\n|poke|p2|Torkoal, L50, F|\n|poke|p2|Grimmsnarl, L50, M|\n|poke|p2|Annihilape, L50, F|\n|teampreview|4\n|inactive|Battle timer is ON: inactive players will automatically lose when time's up. (requested by Zorse Mentality)\n|\n|t:|1771708435\n|teamsize|p1|4\n|teamsize|p2|4\n|start\n|switch|p1a: Tornadus|Tornadus, L50, M|100/100\n|switch|p1b: Urshifu|Urshifu-Rapid-Strike, L50, M|100/100\n|switch|p2a: Calyrex|Calyrex-Shadow, L50|100/100\n|switch|p2b: Grimmsnarl|Grimmsnarl, L50, M|100/100\n|-ability|p2a: Calyrex|As One\n|-ability|p2a: Calyrex|Unnerve\n|-item|p1a: Tornadus|Focus Sash|[from] ability: Frisk|[of] p2b: Grimmsnarl\n|-item|p1b: Urshifu|Choice Band|[from] ability: Frisk|[of] p2b: Grimmsnarl\n|turn|1\n|\n|t:|1771708459\n|-terastallize|p1b: Urshifu|Water\n|move|p2b: Grimmsnarl|Fake Out|p1b: Urshifu\n|-damage|p1b: Urshifu|86/100\n|move|p1a: Tornadus|Tailwind|p1a: Tornadus\n|-sidestart|p1: Zorse Mentality|move: Tailwind\n|cant|p1b: Urshifu|flinch\n|move|p2a: Calyrex|Trick Room|p2a: Calyrex\n|-fieldstart|move: Trick Room|[of] p2a: Calyrex\n|\n|upkeep\n|turn|2\n|inactive|Zorse Mentality has 30 seconds left.\n|inactive|MaxDOM has 30 seconds left.\n|inactive|Zorse Mentality has 20 seconds left.\n|inactive|MaxDOM has 20 seconds left.\n|inactive|MaxDOM has 15 seconds left.\n|inactive|MaxDOM has 10 seconds left.\n|inactive|MaxDOM has 5 seconds left.\n|\n|t:|1771708514\n|move|p2b: Grimmsnarl|Fake Out||[still]\n|-hint|Fake Out only works on your first turn out.\n|-fail|p2b: Grimmsnarl\n|move|p1a: Tornadus|Rain Dance|p1a: Tornadus\n|-weather|RainDance\n|move|p1b: Urshifu|Surging Strikes|p2a: Calyrex\n|-crit|p2a: Calyrex\n|-damage|p2a: Calyrex|34/100\n|-crit|p2a: Calyrex\n|-damage|p2a: Calyrex|0 fnt\n|faint|p2a: Calyrex\n|-hitcount|p2: Calyrex|2\n|\n|-weather|RainDance|[upkeep]\n|upkeep\n|inactive|MaxDOM has 30 seconds left.\n|inactive|MaxDOM has 20 seconds left.\n|\n|t:|1771708554\n|switch|p2a: Urshifu|Urshifu, L50, M|100/100\n|-enditem|p2a: Urshifu|Room Service\n|-unboost|p2a: Urshifu|spe|1|[from] item: Room Service\n|turn|3\n|\n|t:|1771708575\n|move|p2b: Grimmsnarl|Spirit Break|p1b: Urshifu\n|-damage|p1b: Urshifu|45/100\n|-unboost|p1b: Urshifu|spa|1\n|move|p2a: Urshifu|Close Combat|p1b: Urshifu\n|-damage|p1b: Urshifu|0 fnt\n|-unboost|p2a: Urshifu|def|1\n|-unboost|p2a: Urshifu|spd|1\n|faint|p1b: Urshifu\n|move|p1a: Tornadus|Bleakwind Storm|p2a: Urshifu|[spread] p2a,p2b\n|-supereffective|p2a: Urshifu\n|-damage|p2a: Urshifu|0 fnt\n|-damage|p2b: Grimmsnarl|54/100\n|faint|p2a: Urshifu\n|\n|-weather|RainDance|[upkeep]\n|upkeep\n|\n|t:|1771708598\n|switch|p2a: Annihilape|Annihilape, L50, F|100/100\n|switch|p1b: Calyrex|Calyrex-Ice, L50|100/100\n|-ability|p1b: Calyrex|As One\n|-ability|p1b: Calyrex|Unnerve\n|turn|4\n|\n|t:|1771708621\n|move|p2a: Annihilape|Bulk Up|p2a: Annihilape\n|-boost|p2a: Annihilape|atk|1\n|-boost|p2a: Annihilape|def|1\n|move|p2b: Grimmsnarl|Spirit Break|p1a: Tornadus\n|-damage|p1a: Tornadus|38/100\n|-unboost|p1a: Tornadus|spa|1\n|move|p1b: Calyrex|Glacial Lance|p2a: Annihilape|[spread] p2a,p2b\n|-damage|p2a: Annihilape|57/100\n|-damage|p2b: Grimmsnarl|0 fnt\n|faint|p2b: Grimmsnarl\n|-ability|p1b: Calyrex|Chilling Neigh|boost\n|-boost|p1b: Calyrex|atk|1\n|move|p1a: Tornadus|Bleakwind Storm|p2a: Annihilape\n|-supereffective|p2a: Annihilape\n|-damage|p2a: Annihilape|0 fnt\n|faint|p2a: Annihilape\n|\n|win|Zorse Mentality\n|raw|Zorse Mentality's rating: 1230 &rarr; <strong>1260</strong><br />(+30 for winning)\n|raw|MaxDOM's rating: 1295 &rarr; <strong>1265</strong><br />(-30 for losing)\n|l|\u2606MaxDOM\n|player|p2|\n|l|\u2606Zorse Mentality\n|player|p1|\n","uploadtime":1771708851,"views":11,"formatid":"gen9vgc2026regi","rating":1260,"private":0,"password":null}