{"id":"gen9vgc2026regi-2547105632","format":"[Gen 9] VGC 2026 Reg I","players":["jepeg","aYeal"],"log":"|j|\u2606jepeg\n|j|\u2606aYeal\n|t:|1772047083\n|gametype|doubles\n|player|p1|jepeg|beauty-gen4dp|1318\n|player|p2|aYeal|101|1482\n|gen|9\n|tier|[Gen 9] VGC 2026 Reg I\n|rated|\n|rule|Species Clause: Limit one of each Pok\u00e9mon\n|rule|Item Clause: Limit 1 of each item\n|clearpoke\n|poke|p1|Calyrex-Shadow, L50|\n|poke|p1|Oranguru, L50, F|\n|poke|p1|Miraidon, L50|\n|poke|p1|Ogerpon-Hearthflame, L50, F|\n|poke|p1|Bruxish, L50, F|\n|poke|p1|Torkoal, L50, F|\n|poke|p2|Calyrex-Ice, L50|\n|poke|p2|Koraidon, L50|\n|poke|p2|Incineroar, L50, F|\n|poke|p2|Flutter Mane, L50|\n|poke|p2|Brute Bonnet, L50|\n|poke|p2|Landorus, L50, M|\n|teampreview|4\n|inactive|Battle timer is ON: inactive players will automatically lose when time's up. (requested by aYeal)\n|inactive|jepeg has 60 seconds left.\n|\n|t:|1772047118\n|teamsize|p1|4\n|teamsize|p2|4\n|start\n|switch|p1a: Calyrex|Calyrex-Shadow, L50|100/100\n|switch|p1b: Bruxish|Bruxish, L50, F, shiny|100/100\n|switch|p2a: Calyrex|Calyrex-Ice, L50|100/100\n|switch|p2b: Incineroar|Incineroar, L50, F|100/100\n|-ability|p1a: Calyrex|As One\n|-ability|p1a: Calyrex|Unnerve\n|-ability|p2a: Calyrex|As One\n|-ability|p2a: Calyrex|Unnerve\n|-ability|p2b: Incineroar|Intimidate|boost\n|-unboost|p1a: Calyrex|atk|1\n|-unboost|p1b: Bruxish|atk|1\n|turn|1\n|inactive|aYeal has 30 seconds left.\n|\n|t:|1772047148\n|-terastallize|p1a: Calyrex|Fire\n|move|p2a: Calyrex|Protect|p2a: Calyrex\n|-singleturn|p2a: Calyrex|Protect\n|move|p1b: Bruxish|Surf|p2b: Incineroar|[spread] p1a,p2b\n|-activate|p2a: Calyrex|move: Protect\n|-supereffective|p1a: Calyrex\n|-supereffective|p2b: Incineroar\n|-damage|p1a: Calyrex|73/100\n|-damage|p2b: Incineroar|75/100\n|-enditem|p1a: Calyrex|Weakness Policy\n|-boost|p1a: Calyrex|atk|2|[from] item: Weakness Policy\n|-boost|p1a: Calyrex|spa|2|[from] item: Weakness Policy\n|move|p1a: Calyrex|Astral Barrage|p2a: Calyrex|[spread] p2b\n|-activate|p2a: Calyrex|move: Protect\n|-resisted|p2b: Incineroar\n|-damage|p2b: Incineroar|32/100\n|move|p2b: Incineroar|Knock Off|p1a: Calyrex\n|-damage|p1a: Calyrex|40/100\n|\n|upkeep\n|turn|2\n|inactive|aYeal has 30 seconds left.\n|inactive|aYeal has 20 seconds left.\n|inactive|aYeal has 15 seconds left.\n|inactive|aYeal has 10 seconds left.\n|inactive|aYeal has 5 seconds left.\n|\n|t:|1772047204\n|switch|p1b: Ogerpon|Ogerpon-Hearthflame, L50, F|100/100\n|-ability|p1b: Ogerpon|Mold Breaker\n|move|p1a: Calyrex|Astral Barrage|p2a: Calyrex|[spread] p2a,p2b\n|-supereffective|p2a: Calyrex\n|-resisted|p2b: Incineroar\n|-damage|p2a: Calyrex|0 fnt\n|-damage|p2b: Incineroar|0 fnt\n|faint|p2a: Calyrex\n|faint|p2b: Incineroar\n|-ability|p1a: Calyrex|Grim Neigh|boost\n|-boost|p1a: Calyrex|spa|2\n|\n|upkeep\n|-message|aYeal forfeited.\n|\n|win|jepeg\n|raw|jepeg's rating: 1318 &rarr; <strong>1347</strong><br />(+29 for winning)\n|raw|aYeal's rating: 1482 &rarr; <strong>1453</strong><br />(-29 for losing)\n|l|\u2606aYeal\n|player|p2|\n|l|\u2606jepeg\n|player|p1|\n","uploadtime":1772047366,"views":16,"formatid":"gen9vgc2026regi","rating":1347,"private":0,"password":null}