{"id":"gen9vgc2026regi-2587922378","format":"[Gen 9] VGC 2026 Reg I","players":["YummyVGC","Markingdra"],"log":"|j|\u2606YummyVGC\n|j|\u2606Markingdra\n|t:|1776579490\n|gametype|doubles\n|player|p1|YummyVGC|iono|1392\n|player|p2|Markingdra|unknown|1590\n|gen|9\n|tier|[Gen 9] VGC 2026 Reg I\n|rated|\n|rule|Species Clause: Limit one of each Pok\u00e9mon\n|rule|Item Clause: Limit 1 of each item\n|clearpoke\n|poke|p1|Calyrex-Ice, L50|\n|poke|p1|Necrozma-Dawn-Wings, L50|\n|poke|p1|Incineroar, L50, F|\n|poke|p1|Indeedee-F, L50, F|\n|poke|p1|Amoonguss, L50, F|\n|poke|p1|Ursaluna, L50, F|\n|poke|p2|Koraidon, L50|\n|poke|p2|Calyrex-Shadow, L50|\n|poke|p2|Incineroar, L50, F|\n|poke|p2|Brute Bonnet, L50|\n|poke|p2|Raging Bolt, L50|\n|poke|p2|Ogerpon-Cornerstone, L50, F|\n|teampreview|4\n|inactive|Battle timer is ON: inactive players will automatically lose when time's up. (requested by YummyVGC)\n|inactive|YummyVGC has 60 seconds left.\n|\n|t:|1776579523\n|teamsize|p1|4\n|teamsize|p2|4\n|start\n|switch|p1a: Indeedee|Indeedee-F, L50, F|100/100\n|switch|p1b: Necrozma|Necrozma-Dawn-Wings, L50, shiny|100/100\n|switch|p2a: Koraidon|Koraidon, L50, shiny|100/100\n|switch|p2b: Brute Bonnet|Brute Bonnet, L50, shiny|100/100\n|-weather|SunnyDay|[from] ability: Orichalcum Pulse|[of] p2a: Koraidon\n|-activate|p2b: Brute Bonnet|ability: Protosynthesis\n|-start|p2b: Brute Bonnet|protosynthesisdef\n|-activate|p2a: Koraidon|Orichalcum Pulse|[source]\n|-fieldstart|move: Psychic Terrain|[from] ability: Psychic Surge|[of] p1a: Indeedee\n|-enditem|p1a: Indeedee|Psychic Seed\n|-boost|p1a: Indeedee|spd|1|[from] item: Psychic Seed\n|turn|1\n|\n|t:|1776579547\n|-terastallize|p2a: Koraidon|Fire\n|move|p1a: Indeedee|Follow Me|p1a: Indeedee\n|-singleturn|p1a: Indeedee|move: Follow Me\n|move|p2a: Koraidon|Flare Blitz|p1a: Indeedee\n|-damage|p1a: Indeedee|0 fnt\n|faint|p1a: Indeedee\n|-damage|p2a: Koraidon|70/100|[from] Recoil\n|move|p2b: Brute Bonnet|Spore|p1b: Necrozma\n|-status|p1b: Necrozma|slp|[from] move: Spore\n|cant|p1b: Necrozma|slp\n|\n|-weather|SunnyDay|[upkeep]\n|upkeep\n|\n|t:|1776579556\n|switch|p1a: Calyrex|Calyrex-Ice, L50|100/100\n|-ability|p1a: Calyrex|As One\n|-ability|p1a: Calyrex|Unnerve\n|turn|2\n|\n|t:|1776579569\n|move|p1a: Calyrex|Protect|p1a: Calyrex\n|-singleturn|p1a: Calyrex|Protect\n|move|p2a: Koraidon|Flare Blitz|p1b: Necrozma\n|-damage|p1b: Necrozma|3/100 slp\n|-damage|p2a: Koraidon|36/100|[from] Recoil\n|move|p2b: Brute Bonnet|Spore|p1a: Calyrex\n|-activate|p1a: Calyrex|move: Protect\n|cant|p1b: Necrozma|slp\n|\n|-weather|SunnyDay|[upkeep]\n|upkeep\n|turn|3\n|-message|YummyVGC forfeited.\n|\n|win|Markingdra\n|raw|YummyVGC's rating: 1392 &rarr; <strong>1382</strong><br />(-10 for losing)\n|raw|Markingdra's rating: 1590 &rarr; <strong>1600</strong><br />(+10 for winning)\n|l|\u2606YummyVGC\n|player|p1|\n|l|\u2606Markingdra\n|player|p2|\n","uploadtime":1776579854,"views":8,"formatid":"gen9vgc2026regi","rating":1382,"private":0,"password":null}