{"id":"gen9vgc2026regi-2578902120","format":"[Gen 9] VGC 2026 Reg I","players":["dfadDADAD","Luca8"],"log":"|j|\u2606dfadDADAD\n|j|\u2606Luca8\n|t:|1775734409\n|gametype|doubles\n|player|p1|dfadDADAD|170|1567\n|player|p2|Luca8|flint|1454\n|gen|9\n|tier|[Gen 9] VGC 2026 Reg I\n|rated|\n|rule|Species Clause: Limit one of each Pok\u00e9mon\n|rule|Item Clause: Limit 1 of each item\n|clearpoke\n|poke|p1|Calyrex-Shadow, L50|\n|poke|p1|Terapagos, L50, M|\n|poke|p1|Rillaboom, L50, M|\n|poke|p1|Urshifu-*, L50, M|\n|poke|p1|Volcarona, L50, F|\n|poke|p1|Flutter Mane, L50|\n|poke|p2|Zamazenta-*, L50|\n|poke|p2|Calyrex-Shadow, L50|\n|poke|p2|Indeedee-F, L50, F|\n|poke|p2|Torkoal, L50, M|\n|poke|p2|Fezandipiti, L50, M|\n|poke|p2|Pelipper, L50, M|\n|teampreview|4\n|inactive|Battle timer is ON: inactive players will automatically lose when time's up. (requested by dfadDADAD)\n|j| adaysanchez10\n|\n|t:|1775734435\n|teamsize|p1|4\n|teamsize|p2|4\n|start\n|switch|p1a: Terapagos|Terapagos, L50, M|100/100\n|switch|p1b: Urshifu|Urshifu-Rapid-Strike, L50, M|100/100\n|switch|p2a: Fezandipiti|Fezandipiti, L50, M|100/100\n|switch|p2b: Zamazenta|Zamazenta-Crowned, L50|100/100\n|-activate|p1a: Terapagos|ability: Tera Shift\n|detailschange|p1a: Terapagos|Terapagos-Terastal, L50, M\n|-heal|p1a: Terapagos|100/100|[silent]\n|-ability|p2b: Zamazenta|Dauntless Shield|boost\n|-boost|p2b: Zamazenta|def|1\n|turn|1\n|inactive|Luca8 has 30 seconds left.\n|l| adaysanchez10\n|inactive|Luca8 has 20 seconds left.\n|inactive|Luca8 has 15 seconds left.\n|inactive|Luca8 has 10 seconds left.\n|inactive|Luca8 has 5 seconds left.\n|\n|t:|1775734487\n|move|p1a: Terapagos|Protect|p1a: Terapagos\n|-singleturn|p1a: Terapagos|Protect\n|move|p1b: Urshifu|U-turn|p2b: Zamazenta\n|-resisted|p2b: Zamazenta\n|-damage|p2b: Zamazenta|98/100\n|\n|t:|1775734493\n|switch|p1b: Volcarona|Volcarona, L50, F|100/100|[from] U-turn\n|move|p2b: Zamazenta|Body Press|p1a: Terapagos\n|-activate|p1a: Terapagos|move: Protect\n|move|p2a: Fezandipiti|Icy Wind|p1a: Terapagos|[spread] p1b\n|-activate|p1a: Terapagos|move: Protect\n|-resisted|p1b: Volcarona\n|-damage|p1b: Volcarona|98/100\n|-unboost|p1b: Volcarona|spe|1\n|\n|upkeep\n|turn|2\n|\n|t:|1775734513\n|move|p1b: Volcarona|Rage Powder|p1b: Volcarona\n|-singleturn|p1b: Volcarona|move: Rage Powder\n|move|p2b: Zamazenta|Iron Defense|p2b: Zamazenta\n|-boost|p2b: Zamazenta|def|2\n|move|p2a: Fezandipiti|Sludge Bomb|p1b: Volcarona\n|-damage|p1b: Volcarona|79/100\n|move|p1a: Terapagos|Calm Mind|p1a: Terapagos\n|-boost|p1a: Terapagos|spa|1\n|-boost|p1a: Terapagos|spd|1\n|\n|upkeep\n|turn|3\n|\n|t:|1775734543\n|move|p2b: Zamazenta|Iron Defense|p2b: Zamazenta\n|-boost|p2b: Zamazenta|def|2\n|move|p2a: Fezandipiti|Sludge Bomb|p1b: Volcarona\n|-damage|p1b: Volcarona|60/100\n|move|p1a: Terapagos|Earth Power|p2b: Zamazenta\n|-supereffective|p2b: Zamazenta\n|-damage|p2b: Zamazenta|43/100\n|move|p1b: Volcarona|Flamethrower|p2b: Zamazenta\n|-supereffective|p2b: Zamazenta\n|-damage|p2b: Zamazenta|0 fnt\n|faint|p2b: Zamazenta\n|\n|upkeep\n|\n|t:|1775734558\n|switch|p2b: Calyrex|Calyrex-Shadow, L50|100/100\n|-ability|p2b: Calyrex|As One\n|-ability|p2b: Calyrex|Unnerve\n|turn|4\n|l|\u2606dfadDADAD\n|inactive|dfadDADAD disconnected and has a minute to reconnect!\n|player|p1|\n|j| CrazyyBoi\n|inactive|dfadDADAD has 30 seconds left.\n|inactive|dfadDADAD has 20 seconds left.\n|inactive|dfadDADAD has 15 seconds left.\n|inactive|dfadDADAD has 10 seconds left.\n|inactive|dfadDADAD has 5 seconds left.\n|-message|dfadDADAD lost due to inactivity.\n|\n|win|Luca8\n|raw|dfadDADAD's rating: 1567 &rarr; <strong>1541</strong><br />(-26 for losing)\n|raw|Luca8's rating: 1454 &rarr; <strong>1480</strong><br />(+26 for winning)\n|l|\u2606Luca8\n|player|p2|\n","uploadtime":1775734779,"views":12,"formatid":"gen9vgc2026regi","rating":1480,"private":0,"password":null}