{"id":"gen9vgc2026regi-2548147938","format":"[Gen 9] VGC 2026 Reg I","players":["yubanmeiqin","GX champion"],"log":"|j|\u2606yubanmeiqin\n|j|\u2606GX champion\n|t:|1772176890\n|gametype|doubles\n|player|p1|yubanmeiqin|iono-masters|1469\n|player|p2|GX champion|red|1438\n|gen|9\n|tier|[Gen 9] VGC 2026 Reg I\n|rated|\n|rule|Species Clause: Limit one of each Pok\u00e9mon\n|rule|Item Clause: Limit 1 of each item\n|clearpoke\n|poke|p1|Kyogre, L50|\n|poke|p1|Zamazenta-*, L50|\n|poke|p1|Dragonite, L50, M|\n|poke|p1|Rillaboom, L50, M|\n|poke|p1|Amoonguss, L50, M|\n|poke|p1|Chien-Pao, L50|\n|poke|p2|Brute Bonnet, L50|\n|poke|p2|Lunala, L50|\n|poke|p2|Chi-Yu, L50|\n|poke|p2|Flutter Mane, L50|\n|poke|p2|Koraidon, L50|\n|poke|p2|Ursaluna, L50, F|\n|teampreview|4\n|inactive|Battle timer is ON: inactive players will automatically lose when time's up. (requested by yubanmeiqin)\n|\n|t:|1772176952\n|teamsize|p1|4\n|teamsize|p2|4\n|start\n|switch|p1a: Zamazenta|Zamazenta-Crowned, L50|100/100\n|switch|p1b: Chien-Pao|Chien-Pao, L50|100/100\n|switch|p2a: Lunala|Lunala, L50|100/100\n|switch|p2b: Brute Bonnet|Brute Bonnet, L50, shiny|100/100\n|-ability|p1b: Chien-Pao|Sword of Ruin\n|-ability|p1a: Zamazenta|Dauntless Shield|boost\n|-boost|p1a: Zamazenta|def|1\n|turn|1\n|\n|t:|1772176972\n|-terastallize|p1b: Chien-Pao|Stellar\n|-terastallize|p2b: Brute Bonnet|Water\n|move|p1b: Chien-Pao|Throat Chop|p2b: Brute Bonnet\n|-damage|p2b: Brute Bonnet|56/100\n|-start|p2b: Brute Bonnet|Throat Chop|[silent]\n|move|p1a: Zamazenta|Body Press|p2b: Brute Bonnet\n|-damage|p2b: Brute Bonnet|0 fnt\n|faint|p2b: Brute Bonnet\n|-end|p2b: Brute Bonnet|Protosynthesis|[silent]\n|move|p2a: Lunala|Meteor Beam||[still]\n|-prepare|p2a: Lunala|Meteor Beam\n|-boost|p2a: Lunala|spa|1\n|-enditem|p2a: Lunala|Power Herb\n|-anim|p2a: Lunala|Meteor Beam|p1b: Chien-Pao\n|-supereffective|p1b: Chien-Pao\n|-enditem|p1b: Chien-Pao|Focus Sash\n|-damage|p1b: Chien-Pao|1/100\n|\n|upkeep\n|\n|t:|1772176989\n|switch|p2b: Flutter Mane|Flutter Mane, L50|100/100\n|turn|2\n|\n|t:|1772176997\n|move|p1b: Chien-Pao|Throat Chop|p2a: Lunala\n|-supereffective|p2a: Lunala\n|-damage|p2a: Lunala|20/100\n|-start|p2a: Lunala|Throat Chop|[silent]\n|move|p2b: Flutter Mane|Icy Wind|p1a: Zamazenta|[spread] p1a,p1b\n|-resisted|p1a: Zamazenta\n|-resisted|p1b: Chien-Pao\n|-damage|p1a: Zamazenta|96/100\n|-damage|p1b: Chien-Pao|0 fnt\n|-unboost|p1a: Zamazenta|spe|1\n|faint|p1b: Chien-Pao\n|move|p2a: Lunala|Moongeist Beam|p1a: Zamazenta\n|-damage|p1a: Zamazenta|39/100\n|move|p1a: Zamazenta|Heavy Slam|p2b: Flutter Mane\n|-supereffective|p2b: Flutter Mane\n|-enditem|p2b: Flutter Mane|Focus Sash\n|-damage|p2b: Flutter Mane|1/100\n|\n|upkeep\n|\n|t:|1772177017\n|switch|p1b: Rillaboom|Rillaboom, L50, M|100/100\n|-fieldstart|move: Grassy Terrain|[from] ability: Grassy Surge|[of] p1b: Rillaboom\n|turn|3\n|\n|t:|1772177039\n|move|p1b: Rillaboom|Grassy Glide|p2a: Lunala\n|-damage|p2a: Lunala|0 fnt\n|faint|p2a: Lunala\n|move|p2b: Flutter Mane|Moonblast|p1a: Zamazenta\n|-damage|p1a: Zamazenta|8/100\n|-unboost|p1a: Zamazenta|spa|1\n|move|p1a: Zamazenta|Heavy Slam|p2b: Flutter Mane\n|-supereffective|p2b: Flutter Mane\n|-damage|p2b: Flutter Mane|0 fnt\n|faint|p2b: Flutter Mane\n|-end|p2b: Flutter Mane|Protosynthesis|[silent]\n|\n|-heal|p1a: Zamazenta|14/100|[from] Grassy Terrain\n|upkeep\n|\n|t:|1772177049\n|switch|p2b: Koraidon|Koraidon, L50|100/100\n|-weather|SunnyDay|[from] ability: Orichalcum Pulse|[of] p2b: Koraidon\n|-activate|p2b: Koraidon|Orichalcum Pulse|[source]\n|turn|4\n|\n|t:|1772177055\n|move|p2b: Koraidon|Flame Charge|p1b: Rillaboom\n|-supereffective|p1b: Rillaboom\n|-damage|p1b: Rillaboom|10/100\n|-boost|p2b: Koraidon|spe|1\n|-damage|p2b: Koraidon|91/100|[from] item: Life Orb\n|move|p1a: Zamazenta|Body Press|p2b: Koraidon\n|-damage|p2b: Koraidon|24/100\n|move|p1b: Rillaboom|U-turn|p2b: Koraidon\n|-resisted|p2b: Koraidon\n|-damage|p2b: Koraidon|14/100\n|-message|GX champion forfeited.\n|\n|win|yubanmeiqin\n|raw|yubanmeiqin's rating: 1469 &rarr; <strong>1487</strong><br />(+18 for winning)\n|raw|GX champion's rating: 1438 &rarr; <strong>1420</strong><br />(-18 for losing)\n|l|\u2606GX champion\n|player|p2|\n|l|\u2606yubanmeiqin\n|player|p1|\n","uploadtime":1772177228,"views":14,"formatid":"gen9vgc2026regi","rating":1420,"private":0,"password":null}