{"id":"gen9vgc2026regi-2514582005","format":"[Gen 9] VGC 2026 Reg I","players":["paradox franco","SnorlaxPikachu1"],"log":"|j|\u2606paradox franco\n|j|\u2606SnorlaxPikachu1\n|t:|1767887878\n|gametype|doubles\n|player|p1|paradox franco|elesa|1350\n|player|p2|SnorlaxPikachu1|palmer|1281\n|gen|9\n|tier|[Gen 9] VGC 2026 Reg I\n|rated|\n|rule|Species Clause: Limit one of each Pok\u00e9mon\n|rule|Item Clause: Limit 1 of each item\n|clearpoke\n|poke|p1|Lunala, L50|\n|poke|p1|Groudon, L50|\n|poke|p1|Whimsicott, L50, M|\n|poke|p1|Raging Bolt, L50|\n|poke|p1|Entei, L50|\n|poke|p1|Kingambit, L50, F|\n|poke|p2|Terapagos, L50, M|\n|poke|p2|Calyrex-Shadow, L50|\n|poke|p2|Incineroar, L50, F|\n|poke|p2|Flutter Mane, L50|\n|poke|p2|Ogerpon-Cornerstone, L50, F|\n|poke|p2|Rillaboom, L50, M|\n|teampreview|4\n|j| f3_666_9mm\n|inactive|Battle timer is ON: inactive players will automatically lose when time's up. (requested by paradox franco)\n|\n|t:|1767887920\n|teamsize|p1|4\n|teamsize|p2|4\n|start\n|switch|p1a: Raging Bolt|Raging Bolt, L50|100/100\n|switch|p1b: Whimsicott|Whimsicott, L50, M|100/100\n|switch|p2a: Terapagos|Terapagos, L50, M|100/100\n|switch|p2b: Ogerpon|Ogerpon-Cornerstone, L50, F|100/100\n|-activate|p2a: Terapagos|ability: Tera Shift\n|detailschange|p2a: Terapagos|Terapagos-Terastal, L50, M\n|-heal|p2a: Terapagos|100/100|[silent]\n|turn|1\n|\n|t:|1767887931\n|move|p1b: Whimsicott|Tailwind|p1b: Whimsicott\n|-sidestart|p1: paradox franco|move: Tailwind\n|move|p1a: Raging Bolt|Snarl|p2b: Ogerpon|[spread] p2a,p2b\n|-activate|p2a: Terapagos|ability: Tera Shell\n|-resisted|p2a: Terapagos\n|-damage|p2a: Terapagos|92/100\n|-damage|p2b: Ogerpon|74/100\n|-unboost|p2a: Terapagos|spa|1\n|-unboost|p2b: Ogerpon|spa|1\n|-damage|p1a: Raging Bolt|91/100|[from] item: Life Orb\n|move|p2b: Ogerpon|Ivy Cudgel|p1a: Raging Bolt|[anim] Ivy Cudgel Rock\n|-crit|p1a: Raging Bolt\n|-damage|p1a: Raging Bolt|0 fnt\n|faint|p1a: Raging Bolt\n|-end|p1a: Raging Bolt|Protosynthesis|[silent]\n|move|p2a: Terapagos|Calm Mind|p2a: Terapagos\n|-boost|p2a: Terapagos|spa|1\n|-boost|p2a: Terapagos|spd|1\n|\n|-heal|p2a: Terapagos|98/100|[from] item: Leftovers\n|upkeep\n|\n|t:|1767887944\n|switch|p1a: Groudon|Groudon, L50|100/100\n|-weather|SunnyDay|[from] ability: Drought|[of] p1a: Groudon\n|turn|2\n|\n|t:|1767887952\n|move|p2b: Ogerpon|Spiky Shield|p2b: Ogerpon\n|-singleturn|p2b: Ogerpon|move: Protect\n|move|p2a: Terapagos|Protect|p2a: Terapagos\n|-singleturn|p2a: Terapagos|Protect\n|move|p1b: Whimsicott|Moonblast|p2a: Terapagos\n|-activate|p2a: Terapagos|move: Protect\n|move|p1a: Groudon|Precipice Blades|p2a: Terapagos|[spread] \n|-activate|p2a: Terapagos|move: Protect\n|-activate|p2b: Ogerpon|move: Protect\n|\n|-weather|SunnyDay|[upkeep]\n|-heal|p2a: Terapagos|100/100|[from] item: Leftovers\n|upkeep\n|turn|3\n|\n|t:|1767887964\n|-terastallize|p2a: Terapagos|Stellar\n|detailschange|p2a: Terapagos|Terapagos-Stellar, L50, M, tera:Stellar\n|-heal|p2a: Terapagos|100/100|[silent]\n|-ability|p2a: Terapagos|Teraform Zero\n|-weather|none\n|move|p2b: Ogerpon|Follow Me|p2b: Ogerpon\n|-singleturn|p2b: Ogerpon|move: Follow Me\n|move|p1b: Whimsicott|Encore|p2b: Ogerpon\n|-start|p2b: Ogerpon|Encore\n|move|p1a: Groudon|Precipice Blades|p2a: Terapagos|[spread] p2a,p2b\n|-damage|p2a: Terapagos|70/100\n|-damage|p2b: Ogerpon|7/100\n|move|p2a: Terapagos|Tera Starstorm|p1b: Whimsicott|[spread] p1a,p1b\n|-damage|p1a: Groudon|65/100\n|-damage|p1b: Whimsicott|6/100\n|\n|-heal|p2a: Terapagos|76/100|[from] item: Leftovers\n|upkeep\n|turn|4\n|\n|t:|1767887984\n|move|p2b: Ogerpon|Follow Me|p2b: Ogerpon\n|-singleturn|p2b: Ogerpon|move: Follow Me\n|move|p1b: Whimsicott|Endeavor|p2b: Ogerpon\n|-damage|p2b: Ogerpon|5/100\n|move|p1a: Groudon|Rock Slide|p2b: Ogerpon|[spread] p2a,p2b\n|-damage|p2a: Terapagos|64/100\n|-damage|p2b: Ogerpon|0 fnt\n|faint|p2b: Ogerpon\n|move|p2a: Terapagos|Tera Starstorm|p1a: Groudon|[spread] p1a,p1b\n|-damage|p1a: Groudon|29/100\n|-damage|p1b: Whimsicott|0 fnt\n|faint|p1b: Whimsicott\n|\n|-heal|p2a: Terapagos|70/100|[from] item: Leftovers\n|-sideend|p1: paradox franco|move: Tailwind\n|upkeep\n|-message|paradox franco forfeited.\n|\n|win|SnorlaxPikachu1\n|raw|paradox franco's rating: 1350 &rarr; <strong>1326</strong><br />(-24 for losing)\n|raw|SnorlaxPikachu1's rating: 1281 &rarr; <strong>1311</strong><br />(+30 for winning)\n|l|\u2606paradox franco\n|player|p1|\n|l| f3_666_9mm\n|l|\u2606SnorlaxPikachu1\n|player|p2|\n","uploadtime":1767888195,"views":15,"formatid":"gen9vgc2026regi","rating":1311,"private":0,"password":null}