{"id":"gen9vgc2026regi-2518198537","format":"[Gen 9] VGC 2026 Reg I","players":["cdogp3","babble1231"],"log":"|j|\u2606cdogp3\n|j|\u2606babble1231\n|t:|1768353406\n|gametype|doubles\n|player|p1|cdogp3|hoopster|1099\n|player|p2|babble1231|2|1000\n|gen|9\n|tier|[Gen 9] VGC 2026 Reg I\n|rated|\n|rule|Species Clause: Limit one of each Pok\u00e9mon\n|rule|Item Clause: Limit 1 of each item\n|clearpoke\n|poke|p1|Calyrex-Shadow, L50|\n|poke|p1|Zamazenta-*, L50|\n|poke|p1|Chien-Pao, L50|\n|poke|p1|Raging Bolt, L50|\n|poke|p1|Ogerpon-Cornerstone, L50, F|\n|poke|p1|Amoonguss, L50, F|\n|poke|p2|Koraidon, L50|\n|poke|p2|Ho-Oh, L50|\n|poke|p2|Torkoal, L50, M|\n|poke|p2|Sylveon, L50, M|\n|poke|p2|Whimsicott, L50, M|\n|poke|p2|Gouging Fire, L50|\n|teampreview|4\n|inactive|Battle timer is ON: inactive players will automatically lose when time's up. (requested by cdogp3)\n|\n|t:|1768353421\n|teamsize|p1|4\n|teamsize|p2|4\n|start\n|switch|p1a: Calyrex|Calyrex-Shadow, L50|100/100\n|switch|p1b: Maya|Ogerpon-Cornerstone, L50, F|100/100\n|switch|p2a: Whimsicott|Whimsicott, L50, M, shiny|100/100\n|switch|p2b: Torkoal|Torkoal, L50, M|100/100\n|-ability|p1a: Calyrex|As One\n|-ability|p1a: Calyrex|Unnerve\n|-weather|SunnyDay|[from] ability: Drought|[of] p2b: Torkoal\n|turn|1\n|\n|t:|1768353441\n|-terastallize|p1a: Calyrex|Ghost\n|move|p2a: Whimsicott|Tailwind|p2a: Whimsicott\n|-sidestart|p2: babble1231|move: Tailwind\n|move|p1a: Calyrex|Astral Barrage|p2b: Torkoal|[spread] p2a,p2b\n|-damage|p2a: Whimsicott|0 fnt\n|-damage|p2b: Torkoal|1/100\n|faint|p2a: Whimsicott\n|-ability|p1a: Calyrex|Grim Neigh|boost\n|-boost|p1a: Calyrex|spa|1\n|-enditem|p2b: Torkoal|Eject Button\n|\n|t:|1768353454\n|switch|p2b: Ho-Oh|Ho-Oh, L50, shiny|100/100\n|move|p1b: Maya|Ivy Cudgel|p2b: Ho-Oh|[anim] Ivy Cudgel Rock\n|-supereffective|p2b: Ho-Oh\n|-crit|p2b: Ho-Oh\n|-damage|p2b: Ho-Oh|0 fnt\n|faint|p2b: Ho-Oh\n|\n|-weather|SunnyDay|[upkeep]\n|upkeep\n|\n|t:|1768353464\n|switch|p2a: Torkoal|Torkoal, L50, M|1/100\n|switch|p2b: Koraidon|Koraidon, L50|100/100\n|-activate|p2b: Koraidon|ability: Orichalcum Pulse\n|turn|2\n|\n|t:|1768353482\n|move|p2a: Torkoal|Helping Hand|p2b: Koraidon\n|-singleturn|p2b: Koraidon|Helping Hand|[of] p2a: Torkoal\n|move|p1b: Maya|Follow Me|p1b: Maya\n|-singleturn|p1b: Maya|move: Follow Me\n|move|p2b: Koraidon|Flare Blitz|p1b: Maya\n|-ability|p1b: Maya|Sturdy\n|-damage|p1b: Maya|1/100\n|-damage|p2b: Koraidon|66/100|[from] Recoil\n|move|p1a: Calyrex|Astral Barrage|p2b: Koraidon|[spread] p2a,p2b\n|-damage|p2a: Torkoal|0 fnt\n|-damage|p2b: Koraidon|0 fnt\n|faint|p2a: Torkoal\n|faint|p2b: Koraidon\n|\n|win|cdogp3\n|raw|cdogp3's rating: 1099 &rarr; <strong>1117</strong><br />(+18 for winning)\n|raw|babble1231's rating: 1000 &rarr; <strong>1000</strong><br />(+0 for losing)\n|l|\u2606cdogp3\n|player|p1|\n|j|\u2606cdogp3\n|player|p1|cdogp3|hoopster|\n|l|\u2606babble1231\n|player|p2|\n|l|\u2606cdogp3\n|player|p1|\n|j| TheIceTable\n|j|\u2606cdogp3\n|player|p1|cdogp3|hoopster|\n","uploadtime":1768353532,"views":26,"formatid":"gen9vgc2026regi","rating":1000,"private":0,"password":null}