{"id":"gen9vgc2026regi-2590971682","format":"[Gen 9] VGC 2026 Reg I","players":["grandmakicker99","Deano88"],"log":"|j|\u2606grandmakicker99\n|j|\u2606Deano88\n|t:|1776865580\n|gametype|doubles\n|player|p1|grandmakicker99|1|1370\n|player|p2|Deano88|265|1327\n|gen|9\n|tier|[Gen 9] VGC 2026 Reg I\n|rated|\n|rule|Species Clause: Limit one of each Pok\u00e9mon\n|rule|Item Clause: Limit 1 of each item\n|clearpoke\n|poke|p1|Calyrex-Ice, L50|\n|poke|p1|Scraggy, L50, F|\n|poke|p1|Miraidon, L50|\n|poke|p1|Farigiraf, L50, F|\n|poke|p1|Iron Treads, L50|\n|poke|p1|Iron Hands, L50|\n|poke|p2|Incineroar, L50, F|\n|poke|p2|Wo-Chien, L50|\n|poke|p2|Grimmsnarl, L50, M|\n|poke|p2|Calyrex-Shadow, L50|\n|poke|p2|Kyogre, L50|\n|poke|p2|Urshifu-*, L50, F|\n|teampreview|4\n|inactive|Battle timer is ON: inactive players will automatically lose when time's up. (requested by grandmakicker99)\n|\n|t:|1776865610\n|teamsize|p1|4\n|teamsize|p2|4\n|start\n|switch|p1a: Miraidon|Miraidon, L50|100/100\n|switch|p1b: Farigiraf|Farigiraf, L50, F|100/100\n|switch|p2a: Grimmsnarl|Grimmsnarl, L50, M|100/100\n|switch|p2b: Incineroar|Incineroar, L50, F|100/100\n|-fieldstart|move: Electric Terrain|[from] ability: Hadron Engine|[of] p1a: Miraidon\n|-enditem|p1b: Farigiraf|Electric Seed\n|-boost|p1b: Farigiraf|def|1|[from] item: Electric Seed\n|-ability|p2b: Incineroar|Intimidate|boost\n|-unboost|p1a: Miraidon|atk|1\n|-unboost|p1b: Farigiraf|atk|1\n|turn|1\n|inactive|grandmakicker99 has 30 seconds left.\n|\n|t:|1776865645\n|move|p2a: Grimmsnarl|Light Screen|p2a: Grimmsnarl\n|-sidestart|p2: Deano88|move: Light Screen\n|move|p1a: Miraidon|Electro Drift|p2a: Grimmsnarl\n|-damage|p2a: Grimmsnarl|0 fnt\n|faint|p2a: Grimmsnarl\n|move|p2b: Incineroar|Will-O-Wisp|p1a: Miraidon\n|-status|p1a: Miraidon|brn\n|move|p1b: Farigiraf|Trick Room|p1b: Farigiraf\n|-fieldstart|move: Trick Room|[of] p1b: Farigiraf\n|\n|-damage|p1a: Miraidon|95/100 brn|[from] brn\n|upkeep\n|\n|t:|1776865658\n|switch|p2a: Wo-Chien|Wo-Chien, L50|100/100\n|-ability|p2a: Wo-Chien|Tablets of Ruin\n|turn|2\n|\n|t:|1776865676\n|move|p1b: Farigiraf|Helping Hand|p1a: Miraidon\n|-singleturn|p1a: Miraidon|Helping Hand|[of] p1b: Farigiraf\n|move|p2b: Incineroar|Flare Blitz|p1b: Farigiraf\n|-damage|p1b: Farigiraf|81/100\n|-damage|p2b: Incineroar|94/100|[from] Recoil\n|move|p2a: Wo-Chien|Snarl|p1a: Miraidon|[spread] p1b\n|-miss|p2a: Wo-Chien|p1a: Miraidon\n|-supereffective|p1b: Farigiraf\n|-damage|p1b: Farigiraf|54/100\n|-unboost|p1b: Farigiraf|spa|1\n|move|p1a: Miraidon|Electro Drift|p2b: Incineroar\n|-damage|p2b: Incineroar|0 fnt\n|faint|p2b: Incineroar\n|\n|-damage|p1a: Miraidon|89/100 brn|[from] brn\n|upkeep\n|\n|t:|1776865695\n|switch|p2b: Calyrex|Calyrex-Shadow, L50|100/100\n|-ability|p2b: Calyrex|As One\n|-ability|p2b: Calyrex|Unnerve\n|turn|3\n|\n|t:|1776865712\n|-terastallize|p2b: Calyrex|Ghost\n|move|p1b: Farigiraf|Foul Play|p2b: Calyrex\n|-supereffective|p2b: Calyrex\n|-damage|p2b: Calyrex|73/100\n|move|p2a: Wo-Chien|Snarl|p1a: Miraidon|[spread] p1a,p1b\n|-supereffective|p1b: Farigiraf\n|-damage|p1a: Miraidon|80/100 brn\n|-damage|p1b: Farigiraf|31/100\n|-unboost|p1a: Miraidon|spa|1\n|-unboost|p1b: Farigiraf|spa|1\n|move|p1a: Miraidon|Electro Drift|p2b: Calyrex\n|-damage|p2b: Calyrex|8/100\n|move|p2b: Calyrex|Astral Barrage|p1b: Farigiraf|[spread] p1a\n|-immune|p1b: Farigiraf\n|-damage|p1a: Miraidon|0 fnt\n|faint|p1a: Miraidon\n|-ability|p2b: Calyrex|Grim Neigh|boost\n|-boost|p2b: Calyrex|spa|1\n|\n|upkeep\n|\n|t:|1776865734\n|switch|p1a: Calyrex|Calyrex-Ice, L50|100/100\n|-ability|p1a: Calyrex|As One\n|-ability|p1a: Calyrex|Unnerve\n|turn|4\n|\n|t:|1776865746\n|move|p1b: Farigiraf|Helping Hand|p1a: Calyrex\n|-singleturn|p1a: Calyrex|Helping Hand|[of] p1b: Farigiraf\n|move|p1a: Calyrex|Glacial Lance|p2a: Wo-Chien|[spread] p2a,p2b\n|-supereffective|p2a: Wo-Chien\n|-damage|p2a: Wo-Chien|0 fnt\n|-damage|p2b: Calyrex|0 fnt\n|faint|p2a: Wo-Chien\n|faint|p2b: Calyrex\n|\n|win|grandmakicker99\n|raw|grandmakicker99's rating: 1370 &rarr; <strong>1388</strong><br />(+18 for winning)\n|raw|Deano88's rating: 1327 &rarr; <strong>1309</strong><br />(-18 for losing)\n|c|\u2606grandmakicker99|gg\n|l|\u2606Deano88\n|player|p2|\n|l|\u2606grandmakicker99\n|player|p1|\n","uploadtime":1776865939,"views":10,"formatid":"gen9vgc2026regi","rating":1309,"private":0,"password":null}