{"id":"gen9vgc2026regi-2578042723","format":"[Gen 9] VGC 2026 Reg I","players":["Galact7adi","Avocanoodle"],"log":"|j|\u2606Galact7adi\n|j|\u2606Avocanoodle\n|t:|1775639997\n|gametype|doubles\n|player|p1|Galact7adi|hilbert|1497\n|player|p2|Avocanoodle|sonia-professor|1564\n|gen|9\n|tier|[Gen 9] VGC 2026 Reg I\n|rated|\n|rule|Species Clause: Limit one of each Pok\u00e9mon\n|rule|Item Clause: Limit 1 of each item\n|clearpoke\n|poke|p1|Brute Bonnet, L50|\n|poke|p1|Lunala, L50|\n|poke|p1|Ursaluna, L50, M|\n|poke|p1|Chi-Yu, L50|\n|poke|p1|Koraidon, L50|\n|poke|p1|Flutter Mane, L50|\n|poke|p2|Kyogre, L50|\n|poke|p2|Lunala, L50|\n|poke|p2|Overqwil, L50, M|\n|poke|p2|Ursaluna, L50, M|\n|poke|p2|Slither Wing, L50|\n|poke|p2|Indeedee-F, L50, F|\n|teampreview|4\n|inactive|Battle timer is ON: inactive players will automatically lose when time's up. (requested by Avocanoodle)\n|inactive|Galact7adi also wants the timer to be on.\n|l|\u2606Galact7adi\n|inactive|Galact7adi disconnected and has a minute to reconnect!\n|player|p1|\n|inactive|Avocanoodle has 60 seconds left.\n|inactive|Galact7adi has 30 seconds to reconnect!\n|j| asroarri\n|inactive|Galact7adi has 20 seconds to reconnect!\n|inactive|Galact7adi has 15 seconds to reconnect!\n|inactive|Galact7adi has 10 seconds to reconnect!\n|j| lori Kitahara\n|j|\u2606Galact7adi\n|inactive|Galact7adi reconnected and has 25 seconds left.\n|player|p1|Galact7adi|hilbert|\n|inactive|Galact7adi has 20 seconds left.\n|inactive|Galact7adi has 15 seconds left.\n|inactive|Galact7adi has 10 seconds left.\n|inactive|Galact7adi has 5 seconds left.\n|\n|t:|1775640084\n|teamsize|p1|4\n|teamsize|p2|4\n|start\n|switch|p1a: Koraidon|Koraidon, L50|100/100\n|switch|p1b: Flutter Mane|Flutter Mane, L50|100/100\n|switch|p2a: FRIENDSHAPED|Slither Wing, L50, shiny|100/100\n|switch|p2b: SpireHeart|Lunala, L50|100/100\n|-weather|SunnyDay|[from] ability: Orichalcum Pulse|[of] p1a: Koraidon\n|-activate|p1b: Flutter Mane|ability: Protosynthesis\n|-start|p1b: Flutter Mane|protosynthesisspe\n|-activate|p2a: FRIENDSHAPED|ability: Protosynthesis\n|-start|p2a: FRIENDSHAPED|protosynthesisatk\n|-activate|p1a: Koraidon|Orichalcum Pulse|[source]\n|turn|1\n|inactive|Galact7adi has 30 seconds left.\n|inactive|Avocanoodle has 30 seconds left.\n|inactive|Galact7adi has 20 seconds left.\n|inactive|Avocanoodle has 20 seconds left.\n|\n|t:|1775640123\n|-terastallize|p1a: Koraidon|Fire\n|-terastallize|p2b: SpireHeart|Fairy\n|move|p1b: Flutter Mane|Moonblast|p2a: FRIENDSHAPED\n|-supereffective|p2a: FRIENDSHAPED\n|-damage|p2a: FRIENDSHAPED|4/100\n|move|p1a: Koraidon|Flare Blitz|p2b: SpireHeart\n|-damage|p2b: SpireHeart|41/100\n|-damage|p1a: Koraidon|74/100|[from] Recoil\n|-damage|p1a: Koraidon|64/100|[from] item: Life Orb\n|move|p2b: SpireHeart|Moongeist Beam|p1b: Flutter Mane\n|-supereffective|p1b: Flutter Mane\n|-enditem|p1b: Flutter Mane|Focus Sash\n|-damage|p1b: Flutter Mane|1/100\n|move|p2a: FRIENDSHAPED|U-turn|p1b: Flutter Mane\n|-resisted|p1b: Flutter Mane\n|-damage|p1b: Flutter Mane|0 fnt\n|faint|p1b: Flutter Mane\n|-end|p1b: Flutter Mane|Protosynthesis|[silent]\n|-damage|p2a: FRIENDSHAPED|0 fnt|[from] item: Life Orb\n|faint|p2a: FRIENDSHAPED\n|-end|p2a: FRIENDSHAPED|Protosynthesis|[silent]\n|\n|-weather|SunnyDay|[upkeep]\n|upkeep\n|\n|t:|1775640142\n|switch|p1b: Lunala|Lunala, L50|100/100\n|switch|p2a: Architect|Kyogre, L50|100/100\n|-weather|RainDance|[from] ability: Drizzle|[of] p2a: Architect\n|turn|2\n|l| lori Kitahara\n|inactive|Avocanoodle has 30 seconds left.\n|\n|t:|1775640172\n|switch|p1a: Ursaluna|Ursaluna, L50, M|100/100\n|move|p1b: Lunala|Wide Guard|p1b: Lunala\n|-singleturn|p1b: Lunala|Wide Guard\n|move|p2a: Architect|Hydro Pump|p1a: Ursaluna|[miss]\n|-miss|p2a: Architect|p1a: Ursaluna\n|move|p2b: SpireHeart|Moongeist Beam|p1b: Lunala\n|-supereffective|p1b: Lunala\n|-damage|p1b: Lunala|27/100\n|\n|-weather|RainDance|[upkeep]\n|-status|p1a: Ursaluna|brn|[from] item: Flame Orb\n|upkeep\n|turn|3\n|inactive|Galact7adi has 30 seconds left.\n|inactive|Avocanoodle has 30 seconds left.\n|\n|t:|1775640206\n|switch|p1b: Koraidon|Koraidon, L50, tera:Fire|64/100\n|-weather|SunnyDay|[from] ability: Orichalcum Pulse|[of] p1b: Koraidon\n|-activate|p1b: Koraidon|Orichalcum Pulse|[source]\n|move|p2a: Architect|Water Spout|p1b: Koraidon|[spread] p1a,p1b\n|-supereffective|p1a: Ursaluna\n|-supereffective|p1b: Koraidon\n|-damage|p1a: Ursaluna|29/100 brn\n|-damage|p1b: Koraidon|0 fnt\n|faint|p1b: Koraidon\n|move|p2b: SpireHeart|Moongeist Beam|p1a: Ursaluna\n|-immune|p1a: Ursaluna\n|move|p1a: Ursaluna|Facade|p2a: Architect\n|-damage|p2a: Architect|0 fnt\n|faint|p2a: Architect\n|\n|-weather|SunnyDay|[upkeep]\n|-damage|p1a: Ursaluna|23/100 brn|[from] brn\n|upkeep\n|\n|t:|1775640215\n|switch|p1b: Lunala|Lunala, L50|27/100\n|switch|p2a: Minesweeper|Overqwil, L50, M|100/100\n|turn|4\n|inactive|Avocanoodle has 30 seconds left.\n|inactive|Avocanoodle has 20 seconds left.\n|inactive|Avocanoodle has 15 seconds left.\n|inactive|Avocanoodle has 10 seconds left.\n|\n|t:|1775640264\n|move|p2a: Minesweeper|Throat Chop|p1a: Ursaluna\n|-damage|p1a: Ursaluna|0 fnt\n|faint|p1a: Ursaluna\n|move|p2b: SpireHeart|Moongeist Beam|p1b: Lunala\n|-supereffective|p1b: Lunala\n|-crit|p1b: Lunala\n|-damage|p1b: Lunala|0 fnt\n|faint|p1b: Lunala\n|\n|win|Avocanoodle\n|raw|Galact7adi's rating: 1497 &rarr; <strong>1481</strong><br />(-16 for losing)\n|raw|Avocanoodle's rating: 1564 &rarr; <strong>1580</strong><br />(+16 for winning)\n|l|\u2606Galact7adi\n|player|p1|\n|l|\u2606Avocanoodle\n|player|p2|\n|l| asroarri\n","uploadtime":1775640494,"views":10,"formatid":"gen9vgc2026regi","rating":1481,"private":0,"password":null}