{"id":"gen9vgc2026regi-2540578538","format":"[Gen 9] VGC 2026 Reg I","players":["ryo8989","carrotvg"],"log":"|j|\u2606ryo8989\n|j|\u2606carrotvg\n|t:|1771221003\n|gametype|doubles\n|player|p1|ryo8989|erika|1488\n|player|p2|carrotvg|lucas|1609\n|gen|9\n|tier|[Gen 9] VGC 2026 Reg I\n|rated|\n|rule|Species Clause: Limit one of each Pok\u00e9mon\n|rule|Item Clause: Limit 1 of each item\n|clearpoke\n|poke|p1|Calyrex-Ice, L50|\n|poke|p1|Miraidon, L50|\n|poke|p1|Incineroar, L50, F|\n|poke|p1|Farigiraf, L50, M|\n|poke|p1|Urshifu-*, L50, F|\n|poke|p1|Whimsicott, L50, F|\n|poke|p2|Dondozo, L50, M|\n|poke|p2|Tatsugiri-Droopy, L50, M|\n|poke|p2|Miraidon, L50|\n|poke|p2|Chi-Yu, L50|\n|poke|p2|Calyrex-Shadow, L50|\n|poke|p2|Sneasler, L50, M|\n|teampreview|4\n|\n|t:|1771221041\n|teamsize|p1|4\n|teamsize|p2|4\n|start\n|switch|p1a: Miraidon|Miraidon, L50|100/100\n|switch|p1b: Whimsicott|Whimsicott, L50, F|100/100\n|switch|p2a: Miraidon|Miraidon, L50|100/100\n|switch|p2b: Sneasler|Sneasler, L50, M|100/100\n|-fieldstart|move: Electric Terrain|[from] ability: Hadron Engine|[of] p2a: Miraidon\n|-enditem|p2b: Sneasler|Electric Seed\n|-boost|p2b: Sneasler|def|1|[from] item: Electric Seed\n|-activate|p1a: Miraidon|ability: Hadron Engine\n|turn|1\n|\n|t:|1771221061\n|move|p1a: Miraidon|Protect|p1a: Miraidon\n|-singleturn|p1a: Miraidon|Protect\n|move|p1b: Whimsicott|Tailwind|p1b: Whimsicott\n|-sidestart|p1: ryo8989|move: Tailwind\n|move|p2b: Sneasler|Toxic Spikes|p1b: Whimsicott\n|-sidestart|p1: ryo8989|move: Toxic Spikes\n|move|p2a: Miraidon|Draco Meteor|p1a: Miraidon\n|-activate|p1a: Miraidon|move: Protect\n|\n|upkeep\n|turn|2\n|inactive|Battle timer is ON: inactive players will automatically lose when time's up. (requested by carrotvg)\n|\n|t:|1771221101\n|-terastallize|p1a: Miraidon|Electric\n|move|p1b: Whimsicott|Encore|p2b: Sneasler\n|-start|p2b: Sneasler|Encore\n|move|p1a: Miraidon|Draco Meteor|p2a: Miraidon\n|-supereffective|p2a: Miraidon\n|-damage|p2a: Miraidon|0 fnt\n|-unboost|p1a: Miraidon|spa|2\n|faint|p2a: Miraidon\n|move|p2b: Sneasler|Toxic Spikes|p1a: Miraidon\n|-sidestart|p1: ryo8989|move: Toxic Spikes\n|\n|upkeep\n|\n|t:|1771221111\n|switch|p2a: Dondozo|Dondozo, L50, M|100/100\n|turn|3\n|\n|t:|1771221132\n|switch|p2b: Tatsugiri|Tatsugiri-Droopy, L50, M|100/100\n|-activate|p2b: Tatsugiri|ability: Commander|[of] p2a: Dondozo\n|-boost|p2a: Dondozo|atk|2\n|-boost|p2a: Dondozo|spa|2\n|-boost|p2a: Dondozo|spe|2\n|-boost|p2a: Dondozo|def|2\n|-boost|p2a: Dondozo|spd|2\n|move|p1b: Whimsicott|Endeavor|p2a: Dondozo\n|-damage|p2a: Dondozo|48/100\n|move|p1a: Miraidon|Electro Drift|p2a: Dondozo\n|-supereffective|p2a: Dondozo\n|-damage|p2a: Dondozo|0 fnt\n|faint|p2a: Dondozo\n|\n|upkeep\n|-message|carrotvg forfeited.\n|\n|win|ryo8989\n|raw|ryo8989's rating: 1488 &rarr; <strong>1515</strong><br />(+27 for winning)\n|raw|carrotvg's rating: 1609 &rarr; <strong>1582</strong><br />(-27 for losing)\n|l|\u2606carrotvg\n|player|p2|\n|l|\u2606ryo8989\n|player|p1|\n","uploadtime":1771221311,"views":47,"formatid":"gen9vgc2026regi","rating":1515,"private":0,"password":null}