{"id":"gen9vgc2026regi-2564531943","format":"[Gen 9] VGC 2026 Reg I","players":["terafireflareblitz","posh14"],"log":"|j|\u2606terafireflareblitz\n|j|\u2606posh14\n|t:|1774158597\n|gametype|doubles\n|player|p1|terafireflareblitz|sycamore|1453\n|player|p2|posh14|101|1399\n|gen|9\n|tier|[Gen 9] VGC 2026 Reg I\n|rated|\n|rule|Species Clause: Limit one of each Pok\u00e9mon\n|rule|Item Clause: Limit 1 of each item\n|clearpoke\n|poke|p1|Koraidon, L50|\n|poke|p1|Lunala, L50|\n|poke|p1|Indeedee-F, L50, F|\n|poke|p1|Flutter Mane, L50|\n|poke|p1|Volcarona, L50, M|\n|poke|p1|Ursaluna, L50, M|\n|poke|p2|Moltres-Galar, L50|\n|poke|p2|Calyrex-Ice, L50|\n|poke|p2|Miraidon, L50|\n|poke|p2|Incineroar, L50, M|\n|poke|p2|Farigiraf, L50, M|\n|poke|p2|Ogerpon-Cornerstone, L50, F|\n|teampreview|4\n|inactive|Battle timer is ON: inactive players will automatically lose when time's up. (requested by posh14)\n|inactive|terafireflareblitz also wants the timer to be on.\n|inactive|terafireflareblitz has 60 seconds left.\n|inactive|posh14 has 60 seconds left.\n|\n|t:|1774158631\n|teamsize|p1|4\n|teamsize|p2|4\n|start\n|switch|p1a: Lunala|Lunala, L50, shiny|100/100\n|switch|p1b: Indeedee|Indeedee-F, L50, F|100/100\n|switch|p2a: Moltres|Moltres-Galar, L50|100/100\n|switch|p2b: Calyrex|Calyrex-Ice, L50|100/100\n|-ability|p2b: Calyrex|As One\n|-ability|p2b: Calyrex|Unnerve\n|-fieldstart|move: Psychic Terrain|[from] ability: Psychic Surge|[of] p1b: Indeedee\n|turn|1\n|\n|t:|1774158648\n|move|p1b: Indeedee|Helping Hand|p1a: Lunala\n|-singleturn|p1a: Lunala|Helping Hand|[of] p1b: Indeedee\n|move|p2a: Moltres|U-turn|p1b: Indeedee\n|-supereffective|p1b: Indeedee\n|-damage|p1b: Indeedee|77/100\n|\n|t:|1774158655\n|switch|p2a: Miraidon|Miraidon, L50|100/100|[from] U-turn\n|-fieldstart|move: Electric Terrain|[from] ability: Hadron Engine|[of] p2a: Miraidon\n|move|p1a: Lunala|Meteor Beam||[still]\n|-prepare|p1a: Lunala|Meteor Beam\n|-boost|p1a: Lunala|spa|1\n|-enditem|p1a: Lunala|Power Herb\n|-anim|p1a: Lunala|Meteor Beam|p2a: Miraidon\n|-damage|p2a: Miraidon|12/100\n|move|p2b: Calyrex|Trick Room|p2b: Calyrex\n|-fieldstart|move: Trick Room|[of] p2b: Calyrex\n|\n|upkeep\n|turn|2\n|\n|t:|1774158674\n|move|p2b: Calyrex|High Horsepower|p1a: Lunala\n|-damage|p1a: Lunala|85/100\n|move|p1b: Indeedee|Alluring Voice|p2a: Miraidon\n|-supereffective|p2a: Miraidon\n|-damage|p2a: Miraidon|0 fnt\n|faint|p2a: Miraidon\n|move|p1a: Lunala|Moongeist Beam|p2b: Calyrex\n|-supereffective|p2b: Calyrex\n|-damage|p2b: Calyrex|0 fnt\n|faint|p2b: Calyrex\n|\n|upkeep\n|\n|t:|1774158680\n|switch|p2b: Incineroar|Incineroar, L50, M|100/100\n|switch|p2a: Moltres|Moltres-Galar, L50|100/100\n|-ability|p2b: Incineroar|Intimidate|boost\n|-unboost|p1a: Lunala|atk|1\n|-unboost|p1b: Indeedee|atk|1\n|turn|3\n|\n|t:|1774158697\n|switch|p1b: Ursaluna|Ursaluna, L50, M|100/100\n|-terastallize|p1a: Lunala|Water\n|move|p2b: Incineroar|Fake Out|p1b: Ursaluna\n|-damage|p1b: Ursaluna|92/100\n|move|p1a: Lunala|Meteor Beam||[still]\n|-prepare|p1a: Lunala|Meteor Beam\n|-boost|p1a: Lunala|spa|1\n|move|p2a: Moltres|Fiery Wrath|p1b: Ursaluna|[spread] p1a,p1b\n|-damage|p1a: Lunala|65/100\n|-damage|p1b: Ursaluna|70/100\n|\n|-status|p1b: Ursaluna|brn|[from] item: Flame Orb\n|upkeep\n|turn|4\n|-message|posh14 forfeited.\n|\n|win|terafireflareblitz\n|raw|terafireflareblitz's rating: 1453 &rarr; <strong>1470</strong><br />(+17 for winning)\n|raw|posh14's rating: 1399 &rarr; <strong>1382</strong><br />(-17 for losing)\n","uploadtime":1774158710,"views":11,"formatid":"gen9vgc2026regi","rating":1382,"private":0,"password":null}