{"id":"gen9vgc2026regi-2526649541","format":"[Gen 9] VGC 2026 Reg I","players":["Nemmy23","i\u2764\u5a1c\u7984forever"],"log":"|j|\u2606Nemmy23\n|j|\u2606i\u2764\u5a1c\u7984forever\n|t:|1769444482\n|gametype|doubles\n|player|p1|Nemmy23|pokemonbreeder|1344\n|player|p2|i\u2764\u5a1c\u7984forever|youngcouple-gen4dp|1375\n|gen|9\n|tier|[Gen 9] VGC 2026 Reg I\n|rated|\n|rule|Species Clause: Limit one of each Pok\u00e9mon\n|rule|Item Clause: Limit 1 of each item\n|clearpoke\n|poke|p1|Calyrex-Shadow, L50|\n|poke|p1|Koraidon, L50|\n|poke|p1|Volcarona, L50, M|\n|poke|p1|Incineroar, L50, F|\n|poke|p1|Rillaboom, L50, F|\n|poke|p1|Regieleki, L50|\n|poke|p2|Groudon, L50|\n|poke|p2|Kyurem-White, L50|\n|poke|p2|Brute Bonnet, L50|\n|poke|p2|Heatran, L50, F|\n|poke|p2|Whimsicott, L50, M|\n|poke|p2|Flutter Mane, L50|\n|teampreview|4\n|inactive|Battle timer is ON: inactive players will automatically lose when time's up. (requested by Nemmy23)\n|inactive|i\u2764\u5a1c\u7984forever has 60 seconds left.\n|\n|t:|1769444515\n|teamsize|p1|4\n|teamsize|p2|4\n|start\n|switch|p1a: Calyrex|Calyrex-Shadow, L50|100/100\n|switch|p1b: Rillaboom|Rillaboom, L50, F|100/100\n|switch|p2a: Whimsicott|Whimsicott, L50, M|100/100\n|switch|p2b: Flutter Mane|Flutter Mane, L50|100/100\n|-ability|p1a: Calyrex|As One\n|-ability|p1a: Calyrex|Unnerve\n|-fieldstart|move: Grassy Terrain|[from] ability: Grassy Surge|[of] p1b: Rillaboom\n|turn|1\n|\n|t:|1769444535\n|-terastallize|p1a: Calyrex|Dark\n|move|p1a: Calyrex|Astral Barrage|p2a: Whimsicott|[spread] p2a,p2b\n|-supereffective|p2b: Flutter Mane\n|-enditem|p2a: Whimsicott|Focus Sash\n|-damage|p2a: Whimsicott|1/100\n|-damage|p2b: Flutter Mane|0 fnt\n|faint|p2b: Flutter Mane\n|-end|p2b: Flutter Mane|Protosynthesis|[silent]\n|-ability|p1a: Calyrex|Grim Neigh|boost\n|-boost|p1a: Calyrex|spa|1\n|-damage|p1a: Calyrex|91/100|[from] item: Life Orb\n|move|p2a: Whimsicott|Energy Ball|p1a: Calyrex\n|-damage|p1a: Calyrex|52/100\n|move|p1b: Rillaboom|U-turn|p2a: Whimsicott\n|-damage|p2a: Whimsicott|0 fnt\n|faint|p2a: Whimsicott\n|\n|t:|1769444541\n|switch|p1b: Regieleki|Regieleki, L50|100/100|[from] U-turn\n|\n|-heal|p1a: Calyrex|58/100|[from] Grassy Terrain\n|upkeep\n|\n|t:|1769444550\n|switch|p2a: Kyurem|Kyurem-White, L50|100/100\n|switch|p2b: Groudon|Groudon, L50|100/100\n|-ability|p2a: Kyurem|Turboblaze\n|-weather|SunnyDay|[from] ability: Drought|[of] p2b: Groudon\n|turn|2\n|\n|t:|1769444561\n|move|p1b: Regieleki|Electroweb|p2a: Kyurem|[spread] p2a\n|-immune|p2b: Groudon\n|-resisted|p2a: Kyurem\n|-damage|p2a: Kyurem|90/100\n|-unboost|p2a: Kyurem|spe|1\n|move|p1a: Calyrex|Astral Barrage|p2b: Groudon|[spread] p2a,p2b\n|-crit|p2a: Kyurem\n|-damage|p2a: Kyurem|0 fnt\n|-damage|p2b: Groudon|42/100\n|faint|p2a: Kyurem\n|-ability|p1a: Calyrex|Grim Neigh|boost\n|-boost|p1a: Calyrex|spa|1\n|-damage|p1a: Calyrex|49/100|[from] item: Life Orb\n|move|p2b: Groudon|Precipice Blades|p1a: Calyrex|[spread] p1a,p1b\n|-supereffective|p1b: Regieleki\n|-damage|p1a: Calyrex|0 fnt\n|-enditem|p1b: Regieleki|Focus Sash\n|-damage|p1b: Regieleki|1/100\n|faint|p1a: Calyrex\n|\n|-weather|SunnyDay|[upkeep]\n|-heal|p1b: Regieleki|7/100|[from] Grassy Terrain\n|-heal|p2b: Groudon|47/100|[from] Grassy Terrain\n|upkeep\n|\n|t:|1769444572\n|switch|p1a: Koraidon|Koraidon, L50|100/100\n|-activate|p1a: Koraidon|ability: Orichalcum Pulse\n|turn|3\n|\n|t:|1769444582\n|move|p1b: Regieleki|Protect|p1b: Regieleki\n|-singleturn|p1b: Regieleki|Protect\n|move|p1a: Koraidon|Collision Course|p2b: Groudon\n|-damage|p2b: Groudon|0 fnt\n|faint|p2b: Groudon\n|\n|win|Nemmy23\n|raw|Nemmy23's rating: 1344 &rarr; <strong>1366</strong><br />(+22 for winning)\n|raw|i\u2764\u5a1c\u7984forever's rating: 1375 &rarr; <strong>1353</strong><br />(-22 for losing)\n|l|\u2606i\u2764\u5a1c\u7984forever\n|player|p2|\n|l|\u2606Nemmy23\n|player|p1|\n","uploadtime":1769444776,"views":12,"formatid":"gen9vgc2026regi","rating":1353,"private":0,"password":null}