{"id":"gen9vgc2026regi-2518584891","format":"[Gen 9] VGC 2026 Reg I","players":["dthk1216","kojimuranishi"],"log":"|j|\u2606dthk1216\n|j|\u2606kojimuranishi\n|t:|1768407111\n|gametype|doubles\n|player|p1|dthk1216|dawn|1348\n|player|p2|kojimuranishi|1|1449\n|gen|9\n|tier|[Gen 9] VGC 2026 Reg I\n|rated|\n|rule|Species Clause: Limit one of each Pok\u00e9mon\n|rule|Item Clause: Limit 1 of each item\n|clearpoke\n|poke|p1|Calyrex-Ice, L50|\n|poke|p1|Kyogre, L50|\n|poke|p1|Urshifu-*, L50, M|\n|poke|p1|Rillaboom, L50, F|\n|poke|p1|Grimmsnarl, L50, M|\n|poke|p1|Amoonguss, L50, F|\n|poke|p2|Whimsicott, L50, M|\n|poke|p2|Calyrex-Ice, L50|\n|poke|p2|Miraidon, L50|\n|poke|p2|Chi-Yu, L50|\n|poke|p2|Landorus, L50, M|\n|poke|p2|Ogerpon-Cornerstone, L50, F|\n|teampreview|4\n|inactive|Battle timer is ON: inactive players will automatically lose when time's up. (requested by dthk1216)\n|\n|t:|1768407138\n|teamsize|p1|4\n|teamsize|p2|4\n|start\n|switch|p1a: Rillaboom|Rillaboom, L50, F|100/100\n|switch|p1b: Calyrex|Calyrex-Ice, L50|100/100\n|switch|p2a: Ogerpon|Ogerpon-Cornerstone, L50, F|100/100\n|switch|p2b: Calyrex|Calyrex-Ice, L50|100/100\n|-ability|p2b: Calyrex|As One\n|-ability|p2b: Calyrex|Unnerve\n|-ability|p1b: Calyrex|As One\n|-ability|p1b: Calyrex|Unnerve\n|-fieldstart|move: Grassy Terrain|[from] ability: Grassy Surge|[of] p1a: Rillaboom\n|turn|1\n|inactive|dthk1216 has 30 seconds left.\n|inactive|kojimuranishi has 30 seconds left.\n|\n|t:|1768407171\n|move|p2a: Ogerpon|Spiky Shield|p2a: Ogerpon\n|-singleturn|p2a: Ogerpon|move: Protect\n|move|p1a: Rillaboom|Fake Out|p2b: Calyrex\n|-damage|p2b: Calyrex|90/100\n|cant|p2b: Calyrex|flinch\n|move|p1b: Calyrex|Trick Room|p1b: Calyrex\n|-fieldstart|move: Trick Room|[of] p1b: Calyrex\n|\n|-heal|p2b: Calyrex|97/100|[from] Grassy Terrain\n|upkeep\n|turn|2\n|\n|t:|1768407194\n|-terastallize|p1a: Rillaboom|Fire\n|-terastallize|p2a: Ogerpon|Rock\n|detailschange|p2a: Ogerpon|Ogerpon-Cornerstone-Tera, L50, F, tera:Rock\n|-ability|p2a: Ogerpon|Embody Aspect (Cornerstone)|boost\n|-boost|p2a: Ogerpon|def|1\n|move|p1b: Calyrex|Glacial Lance|p2a: Ogerpon|[spread] p2a,p2b\n|-resisted|p2b: Calyrex\n|-damage|p2a: Ogerpon|51/100\n|-damage|p2b: Calyrex|79/100\n|move|p2b: Calyrex|Glacial Lance|p1b: Calyrex|[spread] p1a,p1b\n|-resisted|p1a: Rillaboom\n|-resisted|p1b: Calyrex\n|-damage|p1a: Rillaboom|63/100\n|-damage|p1b: Calyrex|75/100\n|move|p1a: Rillaboom|U-turn|p2a: Ogerpon\n|-damage|p2a: Ogerpon|30/100\n|\n|t:|1768407208\n|switch|p1a: Amoonguss|Amoonguss, L50, F|100/100|[from] U-turn\n|move|p2a: Ogerpon|Ivy Cudgel|p1b: Calyrex|[anim] Ivy Cudgel Rock\n|-supereffective|p1b: Calyrex\n|-damage|p1b: Calyrex|0 fnt\n|faint|p1b: Calyrex\n|\n|-heal|p2b: Calyrex|85/100|[from] Grassy Terrain\n|-heal|p2a: Ogerpon|36/100|[from] Grassy Terrain\n|upkeep\n|\n|t:|1768407214\n|switch|p1b: Kyogre|Kyogre, L50|100/100\n|-weather|RainDance|[from] ability: Drizzle|[of] p1b: Kyogre\n|turn|3\n|\n|t:|1768407229\n|switch|p2a: Miraidon|Miraidon, L50|100/100\n|-fieldstart|move: Electric Terrain|[from] ability: Hadron Engine|[of] p2a: Miraidon\n|move|p1a: Amoonguss|Spore|p2b: Calyrex\n|-activate|p2b: Calyrex|move: Electric Terrain\n|move|p2b: Calyrex|Glacial Lance|p1b: Kyogre|[spread] p1a,p1b\n|-supereffective|p1a: Amoonguss\n|-resisted|p1b: Kyogre\n|-damage|p1a: Amoonguss|0 fnt\n|-damage|p1b: Kyogre|56/100\n|faint|p1a: Amoonguss\n|-ability|p2b: Calyrex|Chilling Neigh|boost\n|-boost|p2b: Calyrex|atk|1\n|move|p1b: Kyogre|Water Spout|p2a: Miraidon|[spread] p2a,p2b\n|-resisted|p2a: Miraidon\n|-damage|p2a: Miraidon|63/100\n|-damage|p2b: Calyrex|17/100\n|\n|-weather|RainDance|[upkeep]\n|upkeep\n|\n|t:|1768407234\n|switch|p1a: Rillaboom|Rillaboom, L50, F, tera:Fire|63/100\n|-fieldstart|move: Grassy Terrain|[from] ability: Grassy Surge|[of] p1a: Rillaboom\n|turn|4\n|-message|dthk1216 forfeited.\n|\n|win|kojimuranishi\n|raw|dthk1216's rating: 1348 &rarr; <strong>1334</strong><br />(-14 for losing)\n|raw|kojimuranishi's rating: 1449 &rarr; <strong>1463</strong><br />(+14 for winning)\n|l|\u2606dthk1216\n|player|p1|\n|l|\u2606kojimuranishi\n|player|p2|\n","uploadtime":1768407493,"views":18,"formatid":"gen9vgc2026regi","rating":1334,"private":0,"password":null}