{"id":"gen9vgc2026regi-2567352306","format":"[Gen 9] VGC 2026 Reg I","players":["BossgodoraII","terafireflareblitz"],"log":"|j|\u2606BossgodoraII\n|j|\u2606terafireflareblitz\n|t:|1774468846\n|gametype|doubles\n|player|p1|BossgodoraII|gentleman-gen4|1451\n|player|p2|terafireflareblitz|sycamore|1611\n|gen|9\n|tier|[Gen 9] VGC 2026 Reg I\n|rated|\n|rule|Species Clause: Limit one of each Pok\u00e9mon\n|rule|Item Clause: Limit 1 of each item\n|clearpoke\n|poke|p1|Zamazenta-*, L50|\n|poke|p1|Chien-Pao, L50|\n|poke|p1|Calyrex-Shadow, L50|\n|poke|p1|Raging Bolt, L50|\n|poke|p1|Rillaboom, L50, M|\n|poke|p1|Ogerpon-Hearthflame, L50, F|\n|poke|p2|Koraidon, L50|\n|poke|p2|Lunala, L50|\n|poke|p2|Indeedee-F, L50, F|\n|poke|p2|Flutter Mane, L50|\n|poke|p2|Volcarona, L50, F|\n|poke|p2|Ursaluna, L50, F|\n|teampreview|4\n|inactive|Battle timer is ON: inactive players will automatically lose when time's up. (requested by terafireflareblitz)\nBossgodoraII rejected open team sheets.\n|inactive|BossgodoraII has 60 seconds left.\n|\n|t:|1774468880\n|teamsize|p1|4\n|teamsize|p2|4\n|start\n|switch|p1a: Zamazenta|Zamazenta-Crowned, L50|100/100\n|switch|p1b: Calyrex|Calyrex-Shadow, L50|100/100\n|switch|p2a: Lunala|Lunala, L50, shiny|100/100\n|switch|p2b: Indeedee|Indeedee-F, L50, F|100/100\n|-ability|p1b: Calyrex|As One\n|-ability|p1b: Calyrex|Unnerve\n|-ability|p1a: Zamazenta|Dauntless Shield|boost\n|-boost|p1a: Zamazenta|def|1\n|-fieldstart|move: Psychic Terrain|[from] ability: Psychic Surge|[of] p2b: Indeedee\n|turn|1\n|\n|t:|1774468900\n|-terastallize|p2a: Lunala|Water\n|move|p1b: Calyrex|Astral Barrage|p2a: Lunala|[spread] p2a\n|-immune|p2b: Indeedee\n|-damage|p2a: Lunala|75/100\n|-damage|p1b: Calyrex|91/100|[from] item: Life Orb\n|move|p1a: Zamazenta|Body Press|p2b: Indeedee\n|-damage|p2b: Indeedee|28/100\n|move|p2a: Lunala|Moongeist Beam|p1b: Calyrex\n|-supereffective|p1b: Calyrex\n|-damage|p1b: Calyrex|0 fnt\n|faint|p1b: Calyrex\n|move|p2b: Indeedee|Trick Room|p2b: Indeedee\n|-fieldstart|move: Trick Room|[of] p2b: Indeedee\n|\n|upkeep\n|inactive|BossgodoraII has 30 seconds left.\n|\n|t:|1774468930\n|switch|p1b: Rillaboom|Rillaboom, L50, M|100/100\n|-fieldstart|move: Grassy Terrain|[from] ability: Grassy Surge|[of] p1b: Rillaboom\n|turn|2\n|\n|t:|1774468935\n|switch|p2a: Volcarona|Volcarona, L50, F|100/100\n|move|p2b: Indeedee|Alluring Voice|p1a: Zamazenta\n|-damage|p1a: Zamazenta|86/100\n|move|p1b: Rillaboom|Wood Hammer|p2a: Volcarona\n|-resisted|p2a: Volcarona\n|-damage|p2a: Volcarona|81/100\n|-damage|p1b: Rillaboom|84/100|[from] item: Rocky Helmet|[of] p2a: Volcarona\n|-status|p1b: Rillaboom|brn|[from] ability: Flame Body|[of] p2a: Volcarona\n|-damage|p1b: Rillaboom|77/100 brn|[from] Recoil\n|move|p1a: Zamazenta|Body Press|p2b: Indeedee\n|-damage|p2b: Indeedee|0 fnt\n|faint|p2b: Indeedee\n|\n|-heal|p1b: Rillaboom|83/100 brn|[from] Grassy Terrain\n|-heal|p2a: Volcarona|87/100|[from] Grassy Terrain\n|-heal|p1a: Zamazenta|92/100|[from] Grassy Terrain\n|-damage|p1b: Rillaboom|77/100 brn|[from] brn\n|upkeep\n|\n|t:|1774468952\n|switch|p2b: Koraidon|Koraidon, L50, shiny|100/100\n|-weather|SunnyDay|[from] ability: Orichalcum Pulse|[of] p2b: Koraidon\n|-activate|p2b: Koraidon|Orichalcum Pulse|[source]\n|turn|3\n|\n|t:|1774468963\n|-terastallize|p1a: Zamazenta|Water\n|move|p2b: Koraidon|Protect|p2b: Koraidon\n|-singleturn|p2b: Koraidon|Protect\n|move|p1b: Rillaboom|Wood Hammer|p2b: Koraidon\n|-activate|p2b: Koraidon|move: Protect\n|move|p2a: Volcarona|Will-O-Wisp|p1a: Zamazenta\n|-status|p1a: Zamazenta|brn\n|move|p1a: Zamazenta|Body Press|p2b: Koraidon\n|-activate|p2b: Koraidon|move: Protect\n|\n|-weather|SunnyDay|[upkeep]\n|-heal|p1b: Rillaboom|83/100 brn|[from] Grassy Terrain\n|-heal|p2a: Volcarona|93/100|[from] Grassy Terrain\n|-heal|p1a: Zamazenta|98/100 brn|[from] Grassy Terrain\n|-damage|p1b: Rillaboom|77/100 brn|[from] brn\n|-damage|p1a: Zamazenta|92/100 brn|[from] brn\n|upkeep\n|turn|4\n|-message|BossgodoraII forfeited.\n|\n|win|terafireflareblitz\n|raw|BossgodoraII's rating: 1451 &rarr; <strong>1440</strong><br />(-11 for losing)\n|raw|terafireflareblitz's rating: 1611 &rarr; <strong>1622</strong><br />(+11 for winning)\n","uploadtime":1774468971,"views":12,"formatid":"gen9vgc2026regi","rating":1440,"private":0,"password":null}