{"id":"gen9vgc2026regi-2572714437","format":"[Gen 9] VGC 2026 Reg I","players":["benniovyalt","LuixenS"],"log":"|j|\u2606benniovyalt\n|j|\u2606LuixenS\n|html|<table width=\"100%\"><tr><td align=\"left\">benniovyalt</td><td align=\"right\">LuixenS</tr><tr><td align=\"left\"><i class=\"fa fa-circle-o\"></i> <i class=\"fa fa-circle-o\"></i> </td><td align=\"right\"><i class=\"fa fa-circle-o\"></i> <i class=\"fa fa-circle-o\"></i> </tr></table>\n|uhtml|bestof|<h2><strong>Game 1</strong> of <a href=\"/game-bestof3-gen9vgc2026regi-2572714436\">a best-of-3</a></h2>\n|t:|1775057665\n|gametype|doubles\n|player|p1|benniovyalt|102|\n|player|p2|LuixenS|canari|\n|gen|9\n|tier|[Gen 9] VGC 2026 Reg I\n|rated|Tournament battle\n|rule|Species Clause: Limit one of each Pok\u00e9mon\n|rule|Item Clause: Limit 1 of each item\n|raw|<div class=\"infobox\"><details class=\"readmore\" open><summary><strong>4 custom rules:</strong></summary> Open Team Sheets, Force Open Team Sheets, !Open Team Sheets, Best of = 3</details></div>\n|clearpoke\n|poke|p1|Calyrex-Shadow, L50|\n|poke|p1|Zamazenta-*, L50|\n|poke|p1|Incineroar, L50, M|\n|poke|p1|Rillaboom, L50, F|\n|poke|p1|Urshifu-*, L50, M|\n|poke|p1|Tornadus, L50, M|\n|poke|p2|Terapagos, L50, M|\n|poke|p2|Incineroar, L50, M|\n|poke|p2|Rillaboom, L50, F|\n|poke|p2|Scream Tail, L50|\n|poke|p2|Ogerpon-Cornerstone, L50, F|\n|poke|p2|Zacian-*, L50|\n|teampreview|4\n|showteam|p1|Calyrex-Shadow||FocusSash|AsOneSpectrier|AstralBarrage,Psychic,NastyPlot,Protect||||||50|,,,,,Ghost]Zamazenta-Crowned||RustedShield|DauntlessShield|BodyPress,behemothbash,WideGuard,Protect||||||50|,,,,,Dragon]Incineroar||RockyHelmet|Intimidate|KnockOff,PartingShot,WillOWisp,FakeOut|||M|||50|,,,,,Bug]Rillaboom||AssaultVest|GrassySurge|WoodHammer,Uturn,GrassyGlide,FakeOut|||F|||50|,,,,,Fire]Urshifu-Rapid-Strike||MysticWater|UnseenFist|SurgingStrikes,AquaJet,CloseCombat,Detect|||M|||50|,,,,,Water]Tornadus||CovertCloak|Prankster|BleakwindStorm,Tailwind,RainDance,Taunt|||M|||50|,,,,,Dark\n|showteam|p2|Terapagos||Leftovers|TeraShift|TeraStarstorm,EarthPower,CalmMind,Protect|||M|||50|,,,,,Stellar]Incineroar||RockyHelmet|Intimidate|KnockOff,FakeOut,PartingShot,WillOWisp|||M|||50|,,,,,Bug]Rillaboom||AssaultVest|GrassySurge|GrassyGlide,WoodHammer,FakeOut,Uturn|||F|||50|,,,,,Water]Scream Tail||BoosterEnergy|Protosynthesis|DazzlingGleam,Encore,Disable,Protect||||||50|,,,,,Grass]Ogerpon-Cornerstone||CornerstoneMask|Sturdy|IvyCudgel,Taunt,FollowMe,SpikyShield|||F|||50|,,,,,Rock]Zacian-Crowned||RustedSword|IntrepidSword|behemothblade,PlayRough,SwordsDance,Protect||||||50|,,,,,Fairy\n|inactive|Battle timer is ON: inactive players will automatically lose when time's up. (requested by LuixenS)\n|j| mynamegrassgreen\n|c|\u2606LuixenS|hello there!\n|j| TG511\n|c|\u2606LuixenS|glhf!\n|c|\u2606benniovyalt|morning morning\n|j| blindfishptsd\n|c|\u2606benniovyalt|u2\n|c|\u2606LuixenS|sorry bout taking 5 years\n|j|@radio free c-side\n|c|\u2606benniovyalt|thisll prob take quite a while\n|c|\u2606benniovyalt|all good, thats just the nature of pagos\n|inactive|benniovyalt has 60 seconds left.\n|inactive|LuixenS has 60 seconds left.\n|j| rain.dot\n|l| mynamegrassgreen\n|c|\u2606LuixenS|pagogo my little one\n|\n|t:|1775057713\n|teamsize|p1|4\n|teamsize|p2|4\n|start\n|switch|p1a: Zamazenta|Zamazenta-Crowned, L50|100/100\n|switch|p1b: Incineroar|Incineroar, L50, M|100/100\n|switch|p2a: Terapagos|Terapagos, L50, M|100/100\n|switch|p2b: Incineroar|Incineroar, L50, M, shiny|100/100\n|-activate|p2a: Terapagos|ability: Tera Shift\n|detailschange|p2a: Terapagos|Terapagos-Terastal, L50, M\n|-heal|p2a: Terapagos|100/100|[silent]\n|-ability|p1a: Zamazenta|Dauntless Shield|boost\n|-boost|p1a: Zamazenta|def|1\n|-ability|p2b: Incineroar|Intimidate|boost\n|-unboost|p1a: Zamazenta|atk|1\n|-unboost|p1b: Incineroar|atk|1\n|-ability|p1b: Incineroar|Intimidate|boost\n|-unboost|p2a: Terapagos|atk|1\n|-unboost|p2b: Incineroar|atk|1\n|turn|1\n|l| TG511\n|\n|t:|1775057731\n|move|p1b: Incineroar|Fake Out|p2b: Incineroar\n|-damage|p2b: Incineroar|95/100\n|-damage|p1b: Incineroar|84/100|[from] item: Rocky Helmet|[of] p2b: Incineroar\n|move|p1a: Zamazenta|Body Press|p2b: Incineroar\n|-supereffective|p2b: Incineroar\n|-crit|p2b: Incineroar\n|-damage|p2b: Incineroar|0 fnt\n|-damage|p1a: Zamazenta|84/100|[from] item: Rocky Helmet|[of] p2b: Incineroar\n|faint|p2b: Incineroar\n|move|p2a: Terapagos|Calm Mind|p2a: Terapagos\n|-boost|p2a: Terapagos|spa|1\n|-boost|p2a: Terapagos|spd|1\n|\n|upkeep\n|\n|t:|1775057737\n|switch|p2b: Scream Tail|Scream Tail, L50, shiny|100/100\n|-enditem|p2b: Scream Tail|Booster Energy\n|-activate|p2b: Scream Tail|ability: Protosynthesis|[fromitem]\n|-start|p2b: Scream Tail|protosynthesisspe\n|turn|2\n|c|\u2606LuixenS|its screaming time\n|\n|t:|1775057758\n|move|p2b: Scream Tail|Encore|p1a: Zamazenta\n|-start|p1a: Zamazenta|Encore\n|move|p1a: Zamazenta|Body Press|p2b: Scream Tail\n|-resisted|p2b: Scream Tail\n|-damage|p2b: Scream Tail|88/100\n|move|p2a: Terapagos|Calm Mind|p2a: Terapagos\n|-boost|p2a: Terapagos|spa|1\n|-boost|p2a: Terapagos|spd|1\n|move|p1b: Incineroar|Knock Off|p2a: Terapagos\n|-activate|p2a: Terapagos|ability: Tera Shell\n|-resisted|p2a: Terapagos\n|-damage|p2a: Terapagos|92/100\n|-enditem|p2a: Terapagos|Leftovers|[from] move: Knock Off|[of] p1b: Incineroar\n|\n|upkeep\n|turn|3\n|c|\u2606benniovyalt|wait?\n|c|\u2606benniovyalt|when you encore does it retarget?\n|c|\u2606LuixenS|yeah\n|c|\u2606benniovyalt|thats actaully so dumnb\n|c|\u2606LuixenS|if u did other move\n|c|\u2606LuixenS|it does\n|inactive|benniovyalt has 30 seconds left.\n|l| blindfishptsd\n|c|\u2606LuixenS|why? idk\n|inactive|benniovyalt has 20 seconds left.\n|c|\u2606LuixenS|learned it past EUIC lol\n|inactive|benniovyalt has 15 seconds left.\n|c|\u2606benniovyalt|thats so annoying\n|inactive|benniovyalt has 10 seconds left.\n|c|\u2606benniovyalt|what the ufck\n|\n|t:|1775057808\n|switch|p1a: Calyrex|Calyrex-Shadow, L50|100/100\n|-ability|p1a: Calyrex|As One\n|-ability|p1a: Calyrex|Unnerve\n|-terastallize|p2a: Terapagos|Stellar\n|detailschange|p2a: Terapagos|Terapagos-Stellar, L50, M, tera:Stellar\n|-heal|p2a: Terapagos|94/100|[silent]\n|move|p2b: Scream Tail|Disable||[still]\n|-fail|p2b: Scream Tail\n|move|p2a: Terapagos|Tera Starstorm|p1b: Incineroar|[spread] p1a,p1b\n|-damage|p1a: Calyrex|24/100\n|-damage|p1b: Incineroar|19/100\n|move|p1b: Incineroar|Parting Shot|p2a: Terapagos\n|-unboost|p2a: Terapagos|atk|1\n|-unboost|p2a: Terapagos|spa|1\n|c|\u2606LuixenS|yeah you have to play a literal 50/50\n|\n|t:|1775057824\n|switch|p1b: Urshifu|Urshifu-Rapid-Strike, L50, M|100/100|[from] Parting Shot\n|\n|upkeep\n|turn|4\n|\n|t:|1775057830\n|move|p1a: Calyrex|Protect|p1a: Calyrex\n|-singleturn|p1a: Calyrex|Protect\n|move|p2b: Scream Tail|Dazzling Gleam|p1a: Calyrex|[spread] p1b\n|-activate|p1a: Calyrex|move: Protect\n|-supereffective|p1b: Urshifu\n|-damage|p1b: Urshifu|63/100\n|move|p1b: Urshifu|Surging Strikes|p2b: Scream Tail\n|-crit|p2b: Scream Tail\n|-damage|p2b: Scream Tail|67/100\n|-crit|p2b: Scream Tail\n|-damage|p2b: Scream Tail|47/100\n|-crit|p2b: Scream Tail\n|-damage|p2b: Scream Tail|25/100\n|-hitcount|p2b: Scream Tail|3\n|move|p2a: Terapagos|Tera Starstorm|p1b: Urshifu|[spread] p1b\n|-activate|p1a: Calyrex|move: Protect\n|-damage|p1b: Urshifu|0 fnt\n|faint|p1b: Urshifu\n|\n|upkeep\n|\n|t:|1775057838\n|switch|p1b: Zamazenta|Zamazenta-Crowned, L50|84/100\n|turn|5\n|\n|t:|1775057844\n|switch|p1a: Incineroar|Incineroar, L50, M|19/100\n|-ability|p1a: Incineroar|Intimidate|boost\n|-unboost|p2a: Terapagos|atk|1\n|-unboost|p2b: Scream Tail|atk|1\n|move|p2b: Scream Tail|Encore||[still]\n|-fail|p2b: Scream Tail\n|move|p1b: Zamazenta|Behemoth Bash|p2b: Scream Tail\n|-supereffective|p2b: Scream Tail\n|-damage|p2b: Scream Tail|0 fnt\n|faint|p2b: Scream Tail\n|-end|p2b: Scream Tail|Protosynthesis|[silent]\n|move|p2a: Terapagos|Earth Power|p1b: Zamazenta\n|-supereffective|p1b: Zamazenta\n|-damage|p1b: Zamazenta|7/100\n|\n|upkeep\n|\n|t:|1775057847\n|switch|p2b: Rillaboom|Rillaboom, L50, F, shiny|100/100\n|-fieldstart|move: Grassy Terrain|[from] ability: Grassy Surge|[of] p2b: Rillaboom\n|turn|6\n|-message|benniovyalt forfeited.\n|\n|win|LuixenS\n||LuixenS is ready for game 2.\n||benniovyalt is ready for game 2.\n|uhtml|next|Next: <a href=\"/battle-gen9vgc2026regi-2572716805\"><strong>Game 2 of 3</strong></a>\n|l|@radio free c-side\n|l| rain.dot\n|j| TG511\n|l|\u2606benniovyalt\n|player|p1|\n|l| TG511\n","uploadtime":1775058576,"views":30,"formatid":"gen9vgc2026regi","rating":null,"private":0,"password":null}