{"id":"gen9vgc2026regi-2538261173","format":"[Gen 9] VGC 2026 Reg I","players":["pokpokpokpok123","marcxhenry"],"log":"|j|\u2606pokpokpokpok123\n|j|\u2606marcxhenry\n|t:|1770911502\n|gametype|doubles\n|player|p1|pokpokpokpok123|1|1400\n|player|p2|marcxhenry|hilbert-wonderlauncher|1553\n|gen|9\n|tier|[Gen 9] VGC 2026 Reg I\n|rated|\n|rule|Species Clause: Limit one of each Pok\u00e9mon\n|rule|Item Clause: Limit 1 of each item\n|clearpoke\n|poke|p1|Zamazenta-*, L50|\n|poke|p1|Ting-Lu, L50|\n|poke|p1|Grimmsnarl, L50, M|\n|poke|p1|Calyrex-Ice, L50|\n|poke|p1|Rillaboom, L50, F|\n|poke|p1|Landorus, L50, M|\n|poke|p2|Calyrex-Shadow, L50|\n|poke|p2|Urshifu-*, L50, M|\n|poke|p2|Roaring Moon, L50|\n|poke|p2|Kyogre, L50|\n|poke|p2|Tsareena, L50, F|\n|poke|p2|Kingambit, L50, M|\n|teampreview|4\n|\n|t:|1770911538\n|teamsize|p1|4\n|teamsize|p2|4\n|start\n|switch|p1a: Rillaboom|Rillaboom, L50, F|100/100\n|switch|p1b: Calyrex|Calyrex-Ice, L50|100/100\n|switch|p2a: Tripitz|Kyogre, L50, shiny|100/100\n|switch|p2b: Hitmonshe|Tsareena, L50, F, shiny|100/100\n|-ability|p1b: Calyrex|As One\n|-ability|p1b: Calyrex|Unnerve\n|-weather|RainDance|[from] ability: Drizzle|[of] p2a: Tripitz\n|-fieldstart|move: Grassy Terrain|[from] ability: Grassy Surge|[of] p1a: Rillaboom\n|turn|1\n|\n|t:|1770911558\n|switch|p1b: Grimmsnarl|Grimmsnarl, L50, M|100/100\n|-terastallize|p2b: Hitmonshe|Water\n|move|p2a: Tripitz|Water Spout|p1a: Rillaboom|[spread] p1a,p1b\n|-resisted|p1a: Rillaboom\n|-damage|p1a: Rillaboom|51/100\n|-damage|p1b: Grimmsnarl|4/100\n|move|p2b: Hitmonshe|Triple Axel|p1a: Rillaboom\n|-supereffective|p1a: Rillaboom\n|-damage|p1a: Rillaboom|36/100\n|-supereffective|p1a: Rillaboom\n|-damage|p1a: Rillaboom|9/100\n|-supereffective|p1a: Rillaboom\n|-damage|p1a: Rillaboom|0 fnt\n|faint|p1a: Rillaboom\n|-hitcount|p1: Rillaboom|3\n|\n|-weather|RainDance|[upkeep]\n|-heal|p1b: Grimmsnarl|10/100|[from] Grassy Terrain\n|upkeep\n|\n|t:|1770911578\n|switch|p1a: Calyrex|Calyrex-Ice, L50|100/100\n|-ability|p1a: Calyrex|As One\n|-ability|p1a: Calyrex|Unnerve\n|turn|2\n|\n|t:|1770911593\n|move|p2a: Tripitz|Water Spout|p1b: Grimmsnarl|[spread] p1a,p1b\n|-damage|p1a: Calyrex|6/100\n|-damage|p1b: Grimmsnarl|0 fnt\n|faint|p1b: Grimmsnarl\n|move|p2b: Hitmonshe|Power Whip|p1a: Calyrex\n|-damage|p1a: Calyrex|0 fnt\n|faint|p1a: Calyrex\n|\n|-weather|RainDance|[upkeep]\n|upkeep\n|\n|t:|1770911597\n|switch|p1b: Zamazenta|Zamazenta-Crowned, L50|100/100\n|-ability|p1b: Zamazenta|Dauntless Shield|boost\n|-boost|p1b: Zamazenta|def|1\n|turn|3\n|-message|pokpokpokpok123 forfeited.\n|\n|win|marcxhenry\n|raw|pokpokpokpok123's rating: 1400 &rarr; <strong>1388</strong><br />(-12 for losing)\n|raw|marcxhenry's rating: 1553 &rarr; <strong>1565</strong><br />(+12 for winning)\n|l|\u2606pokpokpokpok123\n|player|p1|\n|l|\u2606marcxhenry\n|player|p2|\n","uploadtime":1770911818,"views":12,"formatid":"gen9vgc2026regi","rating":1388,"private":0,"password":null}