{"id":"gen9vgc2026regi-2526652850","format":"[Gen 9] VGC 2026 Reg I","players":["afdragonite","i\u2764\u5a1c\u7984forever"],"log":"|j|\u2606afdragonite\n|j|\u2606i\u2764\u5a1c\u7984forever\n|t:|1769444805\n|gametype|doubles\n|player|p1|afdragonite|265|1394\n|player|p2|i\u2764\u5a1c\u7984forever|youngcouple-gen4dp|1378\n|gen|9\n|tier|[Gen 9] VGC 2026 Reg I\n|rated|\n|rule|Species Clause: Limit one of each Pok\u00e9mon\n|rule|Item Clause: Limit 1 of each item\n|clearpoke\n|poke|p1|Mimikyu, L50, M|\n|poke|p1|Calyrex-Ice, L50|\n|poke|p1|Torkoal, L50, F|\n|poke|p1|Zoroark-Hisui, L50, F|\n|poke|p1|Kyogre, L50|\n|poke|p1|Annihilape, L50, M|\n|poke|p2|Groudon, L50|\n|poke|p2|Kyurem-White, L50|\n|poke|p2|Brute Bonnet, L50|\n|poke|p2|Heatran, L50, F|\n|poke|p2|Whimsicott, L50, M|\n|poke|p2|Flutter Mane, L50|\n|teampreview|4\n|inactive|Battle timer is ON: inactive players will automatically lose when time's up. (requested by afdragonite)\n|inactive|afdragonite has 60 seconds left.\n|inactive|afdragonite has 30 seconds left.\n|inactive|afdragonite has 20 seconds left.\n|\n|t:|1769444877\n|teamsize|p1|4\n|teamsize|p2|4\n|start\n|switch|p1a: Annihilape|Annihilape, L50, M|100/100\n|switch|p1b: Mimikyu|Mimikyu, L50, M, shiny|100/100\n|switch|p2a: Kyurem|Kyurem-White, L50|100/100\n|switch|p2b: Heatran|Heatran, L50, F|100/100\n|-ability|p2a: Kyurem|Turboblaze\n|turn|1\n|inactive|i\u2764\u5a1c\u7984forever has 30 seconds left.\n|inactive|i\u2764\u5a1c\u7984forever has 20 seconds left.\n|inactive|i\u2764\u5a1c\u7984forever has 15 seconds left.\n|j| SaltyCore69\n|inactive|i\u2764\u5a1c\u7984forever has 10 seconds left.\n|inactive|i\u2764\u5a1c\u7984forever has 5 seconds left.\n|\n|t:|1769444932\n|move|p2b: Heatran|Protect|p2b: Heatran\n|-singleturn|p2b: Heatran|Protect\n|move|p1a: Annihilape|Final Gambit|p2a: Kyurem\n|-damage|p2a: Kyurem|7/100\n|faint|p1a: Annihilape\n|move|p2a: Kyurem|Blizzard|p1b: Mimikyu|[miss]\n|-miss|p2a: Kyurem|p1b: Mimikyu\n|-enditem|p2a: Kyurem|Blunder Policy\n|-boost|p2a: Kyurem|spe|2\n|move|p1b: Mimikyu|Trick Room|p1b: Mimikyu\n|-fieldstart|move: Trick Room|[of] p1b: Mimikyu\n|\n|upkeep\n|inactive|afdragonite has 30 seconds left.\n|inactive|afdragonite has 20 seconds left.\n|inactive|afdragonite has 15 seconds left.\n|inactive|afdragonite has 10 seconds left.\n|\n|t:|1769444978\n|switch|p1a: Calyrex|Calyrex-Ice, L50|100/100\n|-ability|p1a: Calyrex|As One\n|-ability|p1a: Calyrex|Unnerve\n|turn|2\n|\n|t:|1769444991\n|-terastallize|p1a: Calyrex|Ghost\n|-terastallize|p2b: Heatran|Fire\n|move|p1b: Mimikyu|Shadow Sneak|p1a: Calyrex\n|-supereffective|p1a: Calyrex\n|-damage|p1a: Calyrex|77/100\n|-enditem|p1a: Calyrex|Weakness Policy\n|-boost|p1a: Calyrex|atk|2|[from] item: Weakness Policy\n|-boost|p1a: Calyrex|spa|2|[from] item: Weakness Policy\n|move|p1a: Calyrex|Glacial Lance|p2b: Heatran|[spread] p2a,p2b\n|-resisted|p2b: Heatran\n|-damage|p2a: Kyurem|0 fnt\n|-damage|p2b: Heatran|56/100\n|faint|p2a: Kyurem\n|-ability|p1a: Calyrex|Chilling Neigh|boost\n|-boost|p1a: Calyrex|atk|1\n|move|p2b: Heatran|Heat Wave|p1a: Calyrex|[spread] p1b\n|-miss|p2b: Heatran|p1a: Calyrex\n|-activate|p1b: Mimikyu|ability: Disguise\n|-damage|p1b: Mimikyu|100/100\n|detailschange|p1b: Mimikyu|Mimikyu-Busted, L50, M, shiny\n|-damage|p1b: Mimikyu|88/100|[from] pokemon: Mimikyu-Busted\n|\n|-heal|p2b: Heatran|62/100|[from] item: Leftovers\n|upkeep\n|\n|t:|1769445013\n|switch|p2a: Brute Bonnet|Brute Bonnet, L50|100/100\n|turn|3\n|inactive|afdragonite has 30 seconds left.\n|inactive|i\u2764\u5a1c\u7984forever has 30 seconds left.\n|\n|t:|1769445043\n|move|p2b: Heatran|Protect|p2b: Heatran\n|-singleturn|p2b: Heatran|Protect\n|move|p2a: Brute Bonnet|Sucker Punch|p1a: Calyrex\n|-supereffective|p1a: Calyrex\n|-damage|p1a: Calyrex|43/100\n|move|p1b: Mimikyu|Shadow Sneak|p2b: Heatran\n|-activate|p2b: Heatran|move: Protect\n|move|p1a: Calyrex|Glacial Lance|p2a: Brute Bonnet|[spread] p2a\n|-activate|p2b: Heatran|move: Protect\n|-supereffective|p2a: Brute Bonnet\n|-damage|p2a: Brute Bonnet|0 fnt\n|faint|p2a: Brute Bonnet\n|-end|p2a: Brute Bonnet|Protosynthesis|[silent]\n|-ability|p1a: Calyrex|Chilling Neigh|boost\n|-boost|p1a: Calyrex|atk|1\n|\n|-heal|p2b: Heatran|68/100|[from] item: Leftovers\n|upkeep\n|\n|t:|1769445054\n|switch|p2a: Groudon|Groudon, L50|100/100\n|-weather|SunnyDay|[from] ability: Drought|[of] p2a: Groudon\n|turn|4\n|\n|t:|1769445060\n|move|p1b: Mimikyu|Shadow Sneak|p2b: Heatran\n|-damage|p2b: Heatran|55/100\n|move|p1a: Calyrex|Glacial Lance|p2a: Groudon|[spread] p2a,p2b\n|-supereffective|p2a: Groudon\n|-resisted|p2b: Heatran\n|-damage|p2a: Groudon|0 fnt\n|-damage|p2b: Heatran|0 fnt\n|faint|p2a: Groudon\n|faint|p2b: Heatran\n|\n|win|afdragonite\n|raw|afdragonite's rating: 1394 &rarr; <strong>1413</strong><br />(+19 for winning)\n|raw|i\u2764\u5a1c\u7984forever's rating: 1378 &rarr; <strong>1359</strong><br />(-19 for losing)\n|l|\u2606afdragonite\n|player|p1|\n|l| SaltyCore69\n","uploadtime":1769445327,"views":20,"formatid":"gen9vgc2026regi","rating":1359,"private":0,"password":null}