{"id":"gen9vgc2026regi-2561109783","format":"[Gen 9] VGC 2026 Reg I","players":["Harry Koekenpan","xblast003"],"log":"|j|\u2606Harry Koekenpan\n|j|\u2606xblast003\n|t:|1773765500\n|gametype|doubles\n|player|p1|Harry Koekenpan|266|1166\n|player|p2|xblast003|gambler|1096\n|gen|9\n|tier|[Gen 9] VGC 2026 Reg I\n|rated|\n|rule|Species Clause: Limit one of each Pok\u00e9mon\n|rule|Item Clause: Limit 1 of each item\n|clearpoke\n|poke|p1|Dondozo, L50, M|\n|poke|p1|Tatsugiri-Droopy, L50, M|\n|poke|p1|Weezing-Galar, L50, M|\n|poke|p1|Calyrex-Shadow, L50|\n|poke|p1|Regigigas, L50|\n|poke|p1|Lugia, L50|\n|poke|p2|Kyogre, L50|\n|poke|p2|Miraidon, L50|\n|poke|p2|Archaludon, L50, F|\n|poke|p2|Ursaluna, L50, M|\n|poke|p2|Whimsicott, L50, M|\n|poke|p2|Grimmsnarl, L50, M|\n|teampreview|4\n|inactive|Battle timer is ON: inactive players will automatically lose when time's up. (requested by xblast003)\n|inactive|xblast003 has 60 seconds left.\n|\n|t:|1773765545\n|teamsize|p1|4\n|teamsize|p2|4\n|start\n|switch|p1a: Weezing|Weezing-Galar, L50, M|100/100\n|switch|p1b: Regigigas|Regigigas, L50|100/100\n|switch|p2a: Miraidon|Miraidon, L50|100/100\n|switch|p2b: Grimmsnarl|Grimmsnarl, L50, M|100/100\n|-ability|p1a: Weezing|Neutralizing Gas\n|turn|1\n|\n|t:|1773765561\n|move|p2a: Miraidon|Volt Switch|p1a: Weezing\n|-damage|p1a: Weezing|51/100\n|\n|t:|1773765569\n|switch|p2a: Ursaluna|Ursaluna, L50, M|100/100|[from] Volt Switch\n|move|p1b: Regigigas|Heavy Slam|p2b: Grimmsnarl\n|-supereffective|p2b: Grimmsnarl\n|-damage|p2b: Grimmsnarl|0 fnt\n|faint|p2b: Grimmsnarl\n|-damage|p1b: Regigigas|91/100|[from] item: Life Orb\n|move|p1a: Weezing|Toxic Spikes|p2a: Ursaluna\n|-sidestart|p2: xblast003|move: Toxic Spikes\n|\n|-status|p2a: Ursaluna|brn|[from] item: Flame Orb\n|upkeep\n|-message|xblast003 forfeited.\n|\n|win|Harry Koekenpan\n|raw|Harry Koekenpan's rating: 1166 &rarr; <strong>1186</strong><br />(+20 for winning)\n|raw|xblast003's rating: 1096 &rarr; <strong>1076</strong><br />(-20 for losing)\n|l|\u2606xblast003\n|player|p2|\n","uploadtime":1773765595,"views":20,"formatid":"gen9vgc2026regi","rating":1076,"private":0,"password":null}