{"id":"gen9vgc2026regi-2563703771","format":"[Gen 9] VGC 2026 Reg I","players":["no_zoroark","SnarkyShane"],"log":"|j|\u2606no_zoroark\n|j|\u2606SnarkyShane\n|t:|1774052157\n|gametype|doubles\n|player|p1|no_zoroark|2|1371\n|player|p2|SnarkyShane|gambler|1429\n|gen|9\n|tier|[Gen 9] VGC 2026 Reg I\n|rated|\n|rule|Species Clause: Limit one of each Pok\u00e9mon\n|rule|Item Clause: Limit 1 of each item\n|clearpoke\n|poke|p1|Koraidon, L50|\n|poke|p1|Raging Bolt, L50|\n|poke|p1|Ho-Oh, L50|\n|poke|p1|Iron Treads, L50|\n|poke|p1|Incineroar, L50, M|\n|poke|p1|Flutter Mane, L50|\n|poke|p2|Rayquaza, L50|\n|poke|p2|Calyrex-Shadow, L50|\n|poke|p2|Chien-Pao, L50|\n|poke|p2|Ting-Lu, L50|\n|poke|p2|Amoonguss, L50, M|\n|poke|p2|Avalugg-Hisui, L50, F|\n|teampreview|4\n|inactive|Battle timer is ON: inactive players will automatically lose when time's up. (requested by SnarkyShane)\n|inactive|no_zoroark has 60 seconds left.\n|inactive|no_zoroark has 30 seconds left.\n|\n|t:|1774052226\n|teamsize|p1|4\n|teamsize|p2|4\n|start\n|switch|p1a: Incineroar|Incineroar, L50, M|100/100\n|switch|p1b: Ho-Oh|Ho-Oh, L50|100/100\n|switch|p2a: FesterinEquestrian|Calyrex-Shadow, L50|100/100\n|switch|p2b: Victor Creed|Chien-Pao, L50|100/100\n|-ability|p2a: FesterinEquestrian|As One\n|-ability|p2a: FesterinEquestrian|Unnerve\n|-ability|p2b: Victor Creed|Sword of Ruin\n|-ability|p1a: Incineroar|Intimidate|boost\n|-unboost|p2a: FesterinEquestrian|atk|1\n|-unboost|p2b: Victor Creed|atk|1\n|turn|1\n|\n|t:|1774052246\n|switch|p2a: Noodle Del Muerte|Rayquaza, L50|100/100\n|-ability|p2a: Noodle Del Muerte|Air Lock\n|switch|p2b: Rock 'em Sock 'em|Avalugg-Hisui, L50, F|100/100\n|move|p1b: Ho-Oh|Sacred Fire|p2b: Rock 'em Sock 'em\n|-damage|p2b: Rock 'em Sock 'em|74/100\n|move|p1a: Incineroar|Knock Off|p2a: Noodle Del Muerte\n|-damage|p2a: Noodle Del Muerte|66/100\n|-enditem|p2a: Noodle Del Muerte|Clear Amulet|[from] move: Knock Off|[of] p1a: Incineroar\n|\n|upkeep\n|turn|2\n|\n|t:|1774052267\n|move|p1b: Ho-Oh|Protect|p1b: Ho-Oh\n|-singleturn|p1b: Ho-Oh|Protect\n|move|p2a: Noodle Del Muerte|Protect|p2a: Noodle Del Muerte\n|-singleturn|p2a: Noodle Del Muerte|Protect\n|move|p1a: Incineroar|Will-O-Wisp|p2a: Noodle Del Muerte\n|-activate|p2a: Noodle Del Muerte|move: Protect\n|move|p2b: Rock 'em Sock 'em|Rock Blast|p1a: Incineroar\n|-supereffective|p1a: Incineroar\n|-damage|p1a: Incineroar|80/100\n|-supereffective|p1a: Incineroar\n|-damage|p1a: Incineroar|61/100\n|-supereffective|p1a: Incineroar\n|-damage|p1a: Incineroar|40/100\n|-supereffective|p1a: Incineroar\n|-damage|p1a: Incineroar|18/100\n|-supereffective|p1a: Incineroar\n|-damage|p1a: Incineroar|0 fnt\n|faint|p1a: Incineroar\n|-hitcount|p1: Incineroar|5\n|\n|upkeep\n|inactive|no_zoroark has 30 seconds left.\n|inactive|no_zoroark has 20 seconds left.\n|inactive|no_zoroark has 15 seconds left.\n|\n|t:|1774052308\n|switch|p1a: Iron Treads|Iron Treads, L50|100/100\n|turn|3\n|\n|t:|1774052325\n|-terastallize|p1b: Ho-Oh|Water\n|move|p1a: Iron Treads|Iron Head|p2b: Rock 'em Sock 'em\n|-supereffective|p2b: Rock 'em Sock 'em\n|-damage|p2b: Rock 'em Sock 'em|0 fnt\n|faint|p2b: Rock 'em Sock 'em\n|-damage|p1a: Iron Treads|91/100|[from] item: Life Orb\n|move|p1b: Ho-Oh|Sacred Fire|p2a: Noodle Del Muerte\n|-resisted|p2a: Noodle Del Muerte\n|-damage|p2a: Noodle Del Muerte|41/100\n|move|p2a: Noodle Del Muerte|Swords Dance|p2a: Noodle Del Muerte\n|-boost|p2a: Noodle Del Muerte|atk|2\n|\n|upkeep\n|\n|t:|1774052345\n|switch|p2b: FesterinEquestrian|Calyrex-Shadow, L50|100/100\n|-ability|p2b: FesterinEquestrian|As One\n|-ability|p2b: FesterinEquestrian|Unnerve\n|turn|4\n|\n|t:|1774052357\n|-terastallize|p2b: FesterinEquestrian|Ghost\n|move|p2a: Noodle Del Muerte|Extreme Speed|p1b: Ho-Oh\n|-damage|p1b: Ho-Oh|42/100\n|move|p2b: FesterinEquestrian|Astral Barrage|p1a: Iron Treads|[spread] p1a,p1b\n|-damage|p1a: Iron Treads|0 fnt\n|-damage|p1b: Ho-Oh|0 fnt\n|faint|p1a: Iron Treads\n|-end|p1a: Iron Treads|Quark Drive|[silent]\n|faint|p1b: Ho-Oh\n|-ability|p2b: FesterinEquestrian|Grim Neigh|boost\n|-boost|p2b: FesterinEquestrian|spa|2\n|\n|upkeep\n|-message|no_zoroark forfeited.\n|\n|win|SnarkyShane\n|raw|no_zoroark's rating: 1371 &rarr; <strong>1354</strong><br />(-17 for losing)\n|raw|SnarkyShane's rating: 1429 &rarr; <strong>1446</strong><br />(+17 for winning)\n|l|\u2606no_zoroark\n|player|p1|\n|l|\u2606SnarkyShane\n|player|p2|\n","uploadtime":1774052568,"views":20,"formatid":"gen9vgc2026regi","rating":1354,"private":0,"password":null}