{"id":"gen9vgc2026regi-2545852921","format":"[Gen 9] VGC 2026 Reg I","players":["quisiimo","SMG13"],"log":"|j|\u2606quisiimo\n|j|\u2606SMG13\n|t:|1771892478\n|gametype|doubles\n|player|p1|quisiimo|265|1287\n|player|p2|SMG13|266|1199\n|gen|9\n|tier|[Gen 9] VGC 2026 Reg I\n|rated|\n|rule|Species Clause: Limit one of each Pok\u00e9mon\n|rule|Item Clause: Limit 1 of each item\n|clearpoke\n|poke|p1|Calyrex-Shadow, L50|\n|poke|p1|Zamazenta-*, L50|\n|poke|p1|Ursaluna, L50, F|\n|poke|p1|Incineroar, L50, F|\n|poke|p1|Urshifu-*, L50, M|\n|poke|p1|Raging Bolt, L50|\n|poke|p2|Calyrex-Shadow, L50|\n|poke|p2|Incineroar, L50, M|\n|poke|p2|Zacian-*, L50|\n|poke|p2|Maushold-Four, L50|\n|poke|p2|Grimmsnarl, L50, M|\n|poke|p2|Landorus, L50, M|\n|teampreview|4\n|inactive|Battle timer is ON: inactive players will automatically lose when time's up. (requested by SMG13)\n|inactive|quisiimo has 60 seconds left.\n|inactive|quisiimo has 30 seconds left.\n|inactive|quisiimo has 20 seconds left.\n|inactive|quisiimo has 15 seconds left.\n|\n|t:|1771892557\n|teamsize|p1|4\n|teamsize|p2|4\n|start\n|switch|p1a: Urshifu|Urshifu-Rapid-Strike, L50, M|100/100\n|switch|p1b: Incineroar|Incineroar, L50, F, shiny|100/100\n|switch|p2a: Landorus|Landorus, L50, M|100/100\n|switch|p2b: Grimmsnarl|Grimmsnarl, L50, M|100/100\n|-ability|p1b: Incineroar|Intimidate|boost\n|-unboost|p2a: Landorus|atk|1\n|-unboost|p2b: Grimmsnarl|atk|1\n|turn|1\n|inactive|quisiimo has 30 seconds left.\n|inactive|SMG13 has 30 seconds left.\n|inactive|SMG13 has 20 seconds left.\n|inactive|quisiimo has 20 seconds left.\n|\n|t:|1771892607\n|move|p1b: Incineroar|Fake Out|p2b: Grimmsnarl\n|-damage|p2b: Grimmsnarl|87/100\n|cant|p2b: Grimmsnarl|flinch\n|move|p2a: Landorus|U-turn|p1b: Incineroar\n|-damage|p1b: Incineroar|90/100\n|\n|t:|1771892617\n|switch|p2a: Maushold|Maushold-Four, L50|100/100|[from] U-turn\n|move|p1a: Urshifu|Surging Strikes|p2a: Maushold\n|-crit|p2a: Maushold\n|-damage|p2a: Maushold|63/100\n|-crit|p2a: Maushold\n|-damage|p2a: Maushold|27/100\n|-crit|p2a: Maushold\n|-damage|p2a: Maushold|0 fnt\n|faint|p2a: Maushold\n|-hitcount|p2: Maushold|3\n|\n|upkeep\n|\n|t:|1771892627\n|switch|p2a: Calyrex|Calyrex-Shadow, L50|100/100\n|-ability|p2a: Calyrex|As One\n|-ability|p2a: Calyrex|Unnerve\n|turn|2\n|inactive|quisiimo has 30 seconds left.\n|\n|t:|1771892652\n|-terastallize|p2a: Calyrex|Bug\n|move|p1a: Urshifu|Detect|p1a: Urshifu\n|-singleturn|p1a: Urshifu|Protect\n|move|p2b: Grimmsnarl|Trick|p1a: Urshifu\n|-activate|p1a: Urshifu|move: Protect\n|move|p2a: Calyrex|Nasty Plot|p2a: Calyrex\n|-boost|p2a: Calyrex|spa|2\n|move|p1b: Incineroar|Knock Off|p2a: Calyrex\n|-crit|p2a: Calyrex\n|-damage|p2a: Calyrex|28/100\n|-enditem|p2a: Calyrex|Focus Sash|[from] move: Knock Off|[of] p1b: Incineroar\n|\n|upkeep\n|turn|3\n|inactive|quisiimo has 30 seconds left.\n|\n|t:|1771892680\n|move|p1a: Urshifu|Aqua Jet|p2a: Calyrex\n|-damage|p2a: Calyrex|0 fnt\n|faint|p2a: Calyrex\n|move|p2b: Grimmsnarl|Thunder Wave|p1a: Urshifu\n|-status|p1a: Urshifu|par\n|move|p1b: Incineroar|U-turn|p2b: Grimmsnarl\n|-damage|p2b: Grimmsnarl|67/100\n|-message|SMG13 forfeited.\n|\n|win|quisiimo\n|raw|quisiimo's rating: 1287 &rarr; <strong>1306</strong><br />(+19 for winning)\n|raw|SMG13's rating: 1199 &rarr; <strong>1180</strong><br />(-19 for losing)\n|l|\u2606SMG13\n|player|p2|\n|l|\u2606quisiimo\n|player|p1|\n","uploadtime":1771892932,"views":12,"formatid":"gen9vgc2026regi","rating":1180,"private":0,"password":null}