{"id":"gen9vgc2026regi-2560444187","format":"[Gen 9] VGC 2026 Reg I","players":["krangune\u2764","EllenJoe2026"],"log":"|j|\u2606krangune\u2764\n|j|\u2606EllenJoe2026\n|t:|1773687799\n|gametype|doubles\n|player|p1|krangune\u2764|arezu|1489\n|player|p2|EllenJoe2026|102|1661\n|gen|9\n|tier|[Gen 9] VGC 2026 Reg I\n|rated|\n|rule|Species Clause: Limit one of each Pok\u00e9mon\n|rule|Item Clause: Limit 1 of each item\n|clearpoke\n|poke|p1|Miraidon, L50|\n|poke|p1|Frosmoth, L50, F|\n|poke|p1|Iron Moth, L50|\n|poke|p1|Volcarona, L50, F|\n|poke|p1|Slither Wing, L50|\n|poke|p1|Koraidon, L50|\n|poke|p2|Calyrex-Shadow, L50|\n|poke|p2|Zamazenta-*, L50|\n|poke|p2|Incineroar, L50, F|\n|poke|p2|Rillaboom, L50, F|\n|poke|p2|Ogerpon-Cornerstone, L50, F|\n|poke|p2|Tornadus, L50, M|\n|teampreview|4\n|inactive|Battle timer is ON: inactive players will automatically lose when time's up. (requested by EllenJoe2026)\n|c|\u2606krangune\u2764|glhf\n|inactive|EllenJoe2026 has 60 seconds left.\n|j| Jamstiffer\n|\n|t:|1773687859\n|teamsize|p1|4\n|teamsize|p2|4\n|start\n|switch|p1a: Two moth|Iron Moth, L50|100/100\n|switch|p1b: Gespacho|Miraidon, L50|100/100\n|switch|p2a: Calyrex|Calyrex-Shadow, L50|100/100\n|switch|p2b: Tornadus|Tornadus, L50, M, shiny|100/100\n|-ability|p2a: Calyrex|As One\n|-ability|p2a: Calyrex|Unnerve\n|-fieldstart|move: Electric Terrain|[from] ability: Hadron Engine|[of] p1b: Gespacho\n|-activate|p1a: Two moth|ability: Quark Drive\n|-start|p1a: Two moth|quarkdrivespe\n|turn|1\n|inactive|EllenJoe2026 has 30 seconds left.\n|\n|t:|1773687887\n|move|p2a: Calyrex|Protect|p2a: Calyrex\n|-singleturn|p2a: Calyrex|Protect\n|move|p2b: Tornadus|Tailwind|p2b: Tornadus\n|-sidestart|p2: EllenJoe2026|move: Tailwind\n|move|p1a: Two moth|Heat Wave|p2b: Tornadus|[spread] p2b\n|-activate|p2a: Calyrex|move: Protect\n|-damage|p2b: Tornadus|46/100\n|-damage|p1a: Two moth|91/100|[from] item: Life Orb\n|move|p1b: Gespacho|Volt Switch|p2a: Calyrex\n|-activate|p2a: Calyrex|move: Protect\n|\n|upkeep\n|turn|2\n|inactive|EllenJoe2026 has 30 seconds left.\n|\n|t:|1773687913\n|switch|p2b: Rillaboom|Rillaboom, L50, F, shiny|100/100\n|-fieldstart|move: Grassy Terrain|[from] ability: Grassy Surge|[of] p2b: Rillaboom\n|-end|p1a: Two moth|Quark Drive\n|move|p2a: Calyrex|Psychic|p1a: Two moth\n|-supereffective|p1a: Two moth\n|-crit|p1a: Two moth\n|-damage|p1a: Two moth|0 fnt\n|faint|p1a: Two moth\n|-end|p1a: Two moth|Quark Drive|[silent]\n|-ability|p2a: Calyrex|Grim Neigh|boost\n|-boost|p2a: Calyrex|spa|1\n|move|p1b: Gespacho|Volt Switch|p2a: Calyrex\n|-damage|p2a: Calyrex|43/100\n|\n|t:|1773687929\n|switch|p1b: Shrimp|Koraidon, L50|100/100|[from] Volt Switch\n|-weather|SunnyDay|[from] ability: Orichalcum Pulse|[of] p1b: Shrimp\n|-activate|p1b: Shrimp|Orichalcum Pulse|[source]\n|\n|-weather|SunnyDay|[upkeep]\n|-heal|p2a: Calyrex|49/100|[from] Grassy Terrain\n|upkeep\n|\n|t:|1773687936\n|switch|p1a: Red moth|Volcarona, L50, F|100/100\n|turn|3\n|\n|t:|1773687960\n|move|p1b: Shrimp|Protect|p1b: Shrimp\n|-singleturn|p1b: Shrimp|Protect\n|move|p1a: Red moth|Protect|p1a: Red moth\n|-singleturn|p1a: Red moth|Protect\n|move|p2b: Rillaboom|Fake Out|p1a: Red moth\n|-activate|p1a: Red moth|move: Protect\n|move|p2a: Calyrex|Astral Barrage|p1b: Shrimp|[spread] \n|-activate|p1a: Red moth|move: Protect\n|-activate|p1b: Shrimp|move: Protect\n|\n|-weather|SunnyDay|[upkeep]\n|-heal|p2a: Calyrex|55/100|[from] Grassy Terrain\n|upkeep\n|turn|4\n|\n|t:|1773687979\n|-terastallize|p1b: Shrimp|Fire\n|move|p1a: Red moth|Rage Powder|p1a: Red moth\n|-singleturn|p1a: Red moth|move: Rage Powder\n|move|p2a: Calyrex|Astral Barrage|p1b: Shrimp|[spread] p1a,p1b\n|-damage|p1a: Red moth|13/100\n|-damage|p1b: Shrimp|9/100\n|move|p2b: Rillaboom|Wood Hammer|p1b: Shrimp\n|-resisted|p1b: Shrimp\n|-damage|p1b: Shrimp|0 fnt\n|faint|p1b: Shrimp\n|-damage|p2b: Rillaboom|98/100|[from] Recoil\n|\n|-weather|SunnyDay|[upkeep]\n|-heal|p2a: Calyrex|61/100|[from] Grassy Terrain\n|-heal|p2b: Rillaboom|100/100|[from] Grassy Terrain\n|-heal|p1a: Red moth|19/100|[from] Grassy Terrain\n|-sideend|p2: EllenJoe2026|move: Tailwind\n|upkeep\n|-message|krangune\u2764 forfeited.\n|\n|win|EllenJoe2026\n|raw|krangune\u2764's rating: 1489 &rarr; <strong>1478</strong><br />(-11 for losing)\n|raw|EllenJoe2026's rating: 1661 &rarr; <strong>1672</strong><br />(+11 for winning)\n|l|\u2606krangune\u2764\n|player|p1|\n|l| Jamstiffer\n|l|\u2606EllenJoe2026\n|player|p2|\n","uploadtime":1773688222,"views":21,"formatid":"gen9vgc2026regi","rating":1478,"private":0,"password":null}