{"id":"gen9vgc2026regi-2588259264","format":"[Gen 9] VGC 2026 Reg I","players":["TheNamesBetty","Ceraida"],"log":"|j|\u2606TheNamesBetty\n|j|\u2606Ceraida\n|t:|1776618818\n|gametype|doubles\n|player|p1|TheNamesBetty|koga|1575\n|player|p2|Ceraida|veteran|1580\n|gen|9\n|tier|[Gen 9] VGC 2026 Reg I\n|rated|\n|rule|Species Clause: Limit one of each Pok\u00e9mon\n|rule|Item Clause: Limit 1 of each item\n|clearpoke\n|poke|p1|Terapagos, L50, M|\n|poke|p1|Miraidon, L50|\n|poke|p1|Incineroar, L50, F|\n|poke|p1|Sinistcha, L50|\n|poke|p1|Smeargle, L50, M|\n|poke|p1|Rhydon, L50, F|\n|poke|p2|Calyrex-Shadow, L50|\n|poke|p2|Koraidon, L50|\n|poke|p2|Indeedee-F, L50, F|\n|poke|p2|Brute Bonnet, L50|\n|poke|p2|Sneasler, L50, F|\n|poke|p2|Chi-Yu, L50|\n|teampreview|4\nTheNamesBetty has agreed to open team sheets.\n|\n|t:|1776618866\n|teamsize|p1|4\n|teamsize|p2|4\n|start\n|switch|p1a: Dead Parrot|Miraidon, L50|100/100\n|switch|p1b: MontyPythonFlying|Terapagos, L50, M|100/100\n|switch|p2a: Calyrex|Calyrex-Shadow, L50|100/100\n|switch|p2b: Indeedee|Indeedee-F, L50, F|100/100\n|-activate|p1b: MontyPythonFlying|ability: Tera Shift\n|detailschange|p1b: MontyPythonFlying|Terapagos-Terastal, L50, M\n|-heal|p1b: MontyPythonFlying|100/100|[silent]\n|-ability|p2a: Calyrex|As One\n|-ability|p2a: Calyrex|Unnerve\n|-fieldstart|move: Electric Terrain|[from] ability: Hadron Engine|[of] p1a: Dead Parrot\n|-enditem|p1b: MontyPythonFlying|Electric Seed\n|-boost|p1b: MontyPythonFlying|def|1|[from] item: Electric Seed\n|-fieldstart|move: Psychic Terrain|[from] ability: Psychic Surge|[of] p2b: Indeedee\n|turn|1\n|inactive|Battle timer is ON: inactive players will automatically lose when time's up. (requested by Ceraida)\n|\n|t:|1776618882\n|switch|p2b: Brute Bonnet|Brute Bonnet, L50|100/100\n|-terastallize|p2a: Calyrex|Ground\n|move|p1a: Dead Parrot|Volt Switch|p2a: Calyrex\n|-immune|p2a: Calyrex\n|move|p2a: Calyrex|Tera Blast|p1a: Dead Parrot|[anim] Tera Blast Ground\n|-supereffective|p1a: Dead Parrot\n|-damage|p1a: Dead Parrot|0 fnt\n|faint|p1a: Dead Parrot\n|-ability|p2a: Calyrex|Grim Neigh|boost\n|-boost|p2a: Calyrex|spa|1\n|-damage|p2a: Calyrex|91/100|[from] item: Life Orb\n|move|p1b: MontyPythonFlying|Calm Mind|p1b: MontyPythonFlying\n|-boost|p1b: MontyPythonFlying|spa|1\n|-boost|p1b: MontyPythonFlying|spd|1\n|\n|upkeep\n|c|\u2606TheNamesBetty|Oh well\n|inactive|TheNamesBetty has 30 seconds left.\n|\n|t:|1776618913\n|switch|p1a: Message4YouSir|Incineroar, L50, F|100/100\n|-ability|p1a: Message4YouSir|Intimidate|boost\n|-unboost|p2a: Calyrex|atk|1\n|-unboost|p2b: Brute Bonnet|atk|1\n|turn|2\n|\n|t:|1776618929\n|-terastallize|p1b: MontyPythonFlying|Stellar\n|detailschange|p1b: MontyPythonFlying|Terapagos-Stellar, L50, M, tera:Stellar\n|-heal|p1b: MontyPythonFlying|100/100|[silent]\n|-ability|p1b: MontyPythonFlying|Teraform Zero\n|-fieldend|move: Psychic Terrain\n|move|p2a: Calyrex|Protect|p2a: Calyrex\n|-singleturn|p2a: Calyrex|Protect\n|move|p1b: MontyPythonFlying|Tera Starstorm|p2b: Brute Bonnet|[spread] p2b\n|-activate|p2a: Calyrex|move: Protect\n|-damage|p2b: Brute Bonnet|56/100\n|move|p1a: Message4YouSir|Flare Blitz|p2b: Brute Bonnet\n|-supereffective|p2b: Brute Bonnet\n|-damage|p2b: Brute Bonnet|0 fnt\n|faint|p2b: Brute Bonnet\n|-end|p2b: Brute Bonnet|Protosynthesis|[silent]\n|-damage|p1a: Message4YouSir|82/100|[from] Recoil\n|\n|upkeep\n|inactive|Ceraida has 30 seconds left.\n|inactive|Ceraida has 20 seconds left.\n|\n|t:|1776618966\n|switch|p2b: Sneasler|Sneasler, L50, F|100/100\n|turn|3\n|\n|t:|1776618976\n|switch|p1a: Shrubbery|Sinistcha, L50|100/100\n|move|p2a: Calyrex|Tera Blast|p1b: MontyPythonFlying|[anim] Tera Blast Ground\n|-damage|p1b: MontyPythonFlying|61/100\n|-damage|p2a: Calyrex|81/100|[from] item: Life Orb\n|move|p2b: Sneasler|Close Combat|p1b: MontyPythonFlying\n|-supereffective|p1b: MontyPythonFlying\n|-damage|p1b: MontyPythonFlying|15/100\n|-unboost|p2b: Sneasler|def|1\n|-unboost|p2b: Sneasler|spd|1\n|move|p1b: MontyPythonFlying|Tera Starstorm|p2b: Sneasler|[spread] p2a,p2b\n|-supereffective|p2a: Calyrex\n|-damage|p2a: Calyrex|0 fnt\n|-damage|p2b: Sneasler|0 fnt\n|faint|p2a: Calyrex\n|faint|p2b: Sneasler\n|\n|upkeep\n|-message|Ceraida forfeited.\n|\n|win|TheNamesBetty\n|raw|TheNamesBetty's rating: 1575 &rarr; <strong>1595</strong><br />(+20 for winning)\n|raw|Ceraida's rating: 1580 &rarr; <strong>1560</strong><br />(-20 for losing)\n|l|\u2606Ceraida\n|player|p2|\n|l|\u2606TheNamesBetty\n|player|p1|\n","uploadtime":1776618994,"views":21,"formatid":"gen9vgc2026regi","rating":1560,"private":0,"password":null}