{"id":"gen9vgc2026regi-2568290125","format":"[Gen 9] VGC 2026 Reg I","players":["Lavanda.17","bullgod4ever"],"log":"|j|\u2606Lavanda.17\n|j|\u2606bullgod4ever\n|t:|1774563240\n|gametype|doubles\n|player|p1|Lavanda.17|kimonogirl|1583\n|player|p2|bullgod4ever|265|1569\n|gen|9\n|tier|[Gen 9] VGC 2026 Reg I\n|rated|\n|rule|Species Clause: Limit one of each Pok\u00e9mon\n|rule|Item Clause: Limit 1 of each item\n|clearpoke\n|poke|p1|Miraidon, L50|\n|poke|p1|Ho-Oh, L50|\n|poke|p1|Iron Hands, L50|\n|poke|p1|Farigiraf, L50, F|\n|poke|p1|Iron Treads, L50|\n|poke|p1|Iron Valiant, L50|\n|poke|p2|Brute Bonnet, L50|\n|poke|p2|Lunala, L50|\n|poke|p2|Flutter Mane, L50|\n|poke|p2|Landorus, L50, M|\n|poke|p2|Incineroar, L50, F|\n|poke|p2|Koraidon, L50|\n|teampreview|4\n|inactive|Battle timer is ON: inactive players will automatically lose when time's up. (requested by Lavanda.17)\n|\n|t:|1774563296\n|teamsize|p1|4\n|teamsize|p2|4\n|start\n|switch|p1a: Ho-Oh|Ho-Oh, L50|100/100\n|switch|p1b: Iron Valiant|Iron Valiant, L50|100/100\n|switch|p2a: Landorus|Landorus, L50, M|100/100\n|switch|p2b: Koraidon|Koraidon, L50|100/100\n|-weather|SunnyDay|[from] ability: Orichalcum Pulse|[of] p2b: Koraidon\n|-activate|p2b: Koraidon|Orichalcum Pulse|[source]\n|-enditem|p1b: Iron Valiant|Booster Energy\n|-activate|p1b: Iron Valiant|ability: Quark Drive|[fromitem]\n|-start|p1b: Iron Valiant|quarkdrivespe\n|turn|1\n|j| Pepinopequeno\n|inactive|Lavanda.17 has 30 seconds left.\n|inactive|bullgod4ever has 30 seconds left.\n|inactive|Lavanda.17 has 20 seconds left.\n|inactive|Lavanda.17 has 15 seconds left.\n|\n|t:|1774563340\n|switch|p2b: Lunala|Lunala, L50|100/100\n|move|p1b: Iron Valiant|Icy Wind|p2b: Lunala|[spread] p2a,p2b\n|-supereffective|p2a: Landorus\n|-damage|p2a: Landorus|50/100\n|-damage|p2b: Lunala|98/100\n|-unboost|p2a: Landorus|spe|1\n|-unboost|p2b: Lunala|spe|1\n|move|p2a: Landorus|Sludge Bomb|p1b: Iron Valiant\n|-supereffective|p1b: Iron Valiant\n|-damage|p1b: Iron Valiant|0 fnt\n|faint|p1b: Iron Valiant\n|-end|p1b: Iron Valiant|Quark Drive|[silent]\n|move|p1a: Ho-Oh|Sacred Fire|p2a: Landorus\n|-damage|p2a: Landorus|0 fnt\n|faint|p2a: Landorus\n|\n|-weather|SunnyDay|[upkeep]\n|upkeep\n|inactive|bullgod4ever has 30 seconds left.\n|inactive|bullgod4ever has 20 seconds left.\n|inactive|bullgod4ever has 15 seconds left.\n|\n|t:|1774563381\n|switch|p1b: Miraidon|Miraidon, L50|100/100\n|switch|p2a: Flutter Mane|Flutter Mane, L50|100/100\n|-fieldstart|move: Electric Terrain|[from] ability: Hadron Engine|[of] p1b: Miraidon\n|-activate|p2a: Flutter Mane|ability: Protosynthesis\n|-start|p2a: Flutter Mane|protosynthesisspe\n|turn|2\n|inactive|Lavanda.17 has 30 seconds left.\n|\n|t:|1774563408\n|-terastallize|p2a: Flutter Mane|Stellar\n|move|p2a: Flutter Mane|Moonblast|p1b: Miraidon\n|-supereffective|p1b: Miraidon\n|-damage|p1b: Miraidon|0 fnt\n|faint|p1b: Miraidon\n|move|p1a: Ho-Oh|Sacred Fire|p2b: Lunala\n|-damage|p2b: Lunala|25/100\n|move|p2b: Lunala|Meteor Beam||[still]\n|-prepare|p2b: Lunala|Meteor Beam\n|-boost|p2b: Lunala|spa|1\n|-enditem|p2b: Lunala|Power Herb\n|-anim|p2b: Lunala|Meteor Beam|p1a: Ho-Oh\n|-supereffective|p1a: Ho-Oh\n|-damage|p1a: Ho-Oh|0 fnt\n|faint|p1a: Ho-Oh\n|\n|-weather|SunnyDay|[upkeep]\n|upkeep\n|-message|Lavanda.17 forfeited.\n|\n|win|bullgod4ever\n|raw|Lavanda.17's rating: 1583 &rarr; <strong>1562</strong><br />(-21 for losing)\n|raw|bullgod4ever's rating: 1569 &rarr; <strong>1590</strong><br />(+21 for winning)\n|l|\u2606Lavanda.17\n|player|p1|\n|l|\u2606bullgod4ever\n|player|p2|\n","uploadtime":1774563608,"views":19,"formatid":"gen9vgc2026regi","rating":1562,"private":0,"password":null}