{"id":"gen9vgc2026regi-2558820151","format":"[Gen 9] VGC 2026 Reg I","players":["blackred123","shangenb4"],"log":"|j|\u2606blackred123\n|j|\u2606shangenb4\n|t:|1773488542\n|gametype|doubles\n|player|p1|blackred123|iono-masters|1342\n|player|p2|shangenb4|102|1383\n|gen|9\n|tier|[Gen 9] VGC 2026 Reg I\n|rated|\n|rule|Species Clause: Limit one of each Pok\u00e9mon\n|rule|Item Clause: Limit 1 of each item\n|clearpoke\n|poke|p1|Groudon, L50|\n|poke|p1|Scovillain, L50, M|\n|poke|p1|Lunala, L50|\n|poke|p1|Whimsicott, L50, M|\n|poke|p1|Ogerpon-Cornerstone, L50, F|\n|poke|p1|Rillaboom, L50, M|\n|poke|p2|Koraidon, L50|\n|poke|p2|Lunala, L50|\n|poke|p2|Flutter Mane, L50|\n|poke|p2|Chi-Yu, L50|\n|poke|p2|Raging Bolt, L50|\n|poke|p2|Indeedee-F, L50, F|\n|teampreview|4\n|inactive|Battle timer is ON: inactive players will automatically lose when time's up. (requested by shangenb4)\n|inactive|blackred123 also wants the timer to be on.\n|inactive|shangenb4 has 60 seconds left.\n|\n|t:|1773488577\n|teamsize|p1|4\n|teamsize|p2|4\n|start\n|switch|p1a: Groudon|Groudon, L50|100/100\n|switch|p1b: Scovillain|Scovillain, L50, M|100/100\n|switch|p2a: Chi-Yu|Chi-Yu, L50|100/100\n|switch|p2b: Lunala|Lunala, L50|100/100\n|-ability|p2a: Chi-Yu|Beads of Ruin\n|-weather|SunnyDay|[from] ability: Drought|[of] p1a: Groudon\n|turn|1\n|\n|t:|1773488597\n|-terastallize|p1a: Groudon|Fire\n|move|p1b: Scovillain|Spicy Extract|p1a: Groudon\n|-fail|p1a: Groudon|unboost|[from] item: Clear Amulet|[of] p1a: Groudon\n|-boost|p1a: Groudon|atk|2\n|move|p2a: Chi-Yu|Heat Wave|p1b: Scovillain|[spread] p1a,p1b\n|-resisted|p1a: Groudon\n|-damage|p1a: Groudon|62/100\n|-enditem|p1b: Scovillain|Focus Sash\n|-damage|p1b: Scovillain|1/100\n|move|p2b: Lunala|Meteor Beam||[still]\n|-prepare|p2b: Lunala|Meteor Beam\n|-boost|p2b: Lunala|spa|1\n|-enditem|p2b: Lunala|Power Herb\n|-anim|p2b: Lunala|Meteor Beam|p1b: Scovillain\n|-supereffective|p1b: Scovillain\n|-damage|p1b: Scovillain|0 fnt\n|faint|p1b: Scovillain\n|move|p1a: Groudon|High Horsepower|p2a: Chi-Yu\n|-supereffective|p2a: Chi-Yu\n|-damage|p2a: Chi-Yu|0 fnt\n|faint|p2a: Chi-Yu\n|\n|-weather|SunnyDay|[upkeep]\n|upkeep\n|inactive|blackred123 has 30 seconds left.\n|\n|t:|1773488626\n|switch|p2a: Koraidon|Koraidon, L50|100/100\n|switch|p1b: Whimsicott|Whimsicott, L50, M|100/100\n|-activate|p2a: Koraidon|ability: Orichalcum Pulse\n|turn|2\n|\n|t:|1773488639\n|switch|p2a: Indeedee|Indeedee-F, L50, F|100/100\n|-fieldstart|move: Psychic Terrain|[from] ability: Psychic Surge|[of] p2a: Indeedee\n|move|p1b: Whimsicott|Moonblast|p2a: Indeedee\n|-damage|p2a: Indeedee|75/100\n|-unboost|p2a: Indeedee|spa|1\n|move|p2b: Lunala|Moongeist Beam|p1a: Groudon\n|-damage|p1a: Groudon|0 fnt\n|faint|p1a: Groudon\n|\n|-weather|SunnyDay|[upkeep]\n|upkeep\n|\n|t:|1773488650\n|switch|p1a: Lunala|Lunala, L50|100/100\n|turn|3\n|\n|t:|1773488663\n|move|p2a: Indeedee|Follow Me|p2a: Indeedee\n|-singleturn|p2a: Indeedee|move: Follow Me\n|move|p1b: Whimsicott|Tailwind|p1b: Whimsicott\n|-sidestart|p1: blackred123|move: Tailwind\n|move|p1a: Lunala|Meteor Beam||[still]\n|-prepare|p1a: Lunala|Meteor Beam\n|-boost|p1a: Lunala|spa|1\n|-enditem|p1a: Lunala|Power Herb\n|-anim|p1a: Lunala|Meteor Beam|p2a: Indeedee\n|-damage|p2a: Indeedee|11/100\n|move|p2b: Lunala|Moongeist Beam|p1a: Lunala\n|-supereffective|p1a: Lunala\n|-damage|p1a: Lunala|0 fnt\n|faint|p1a: Lunala\n|\n|-weather|SunnyDay|[upkeep]\n|upkeep\n|turn|4\n|-message|blackred123 forfeited.\n|\n|win|shangenb4\n|raw|blackred123's rating: 1342 &rarr; <strong>1324</strong><br />(-18 for losing)\n|raw|shangenb4's rating: 1383 &rarr; <strong>1401</strong><br />(+18 for winning)\n|l|\u2606blackred123\n|player|p1|\n","uploadtime":1773488681,"views":16,"formatid":"gen9vgc2026regi","rating":1324,"private":0,"password":null}