{"id":"gen9vgc2026regi-2515476814","format":"[Gen 9] VGC 2026 Reg I","players":["Lord_Neph","j0l0k0"],"log":"|j|\u2606Lord_Neph\n|j|\u2606j0l0k0\n|t:|1767994903\n|gametype|doubles\n|player|p1|Lord_Neph|102|1293\n|player|p2|j0l0k0|170|1390\n|gen|9\n|tier|[Gen 9] VGC 2026 Reg I\n|rated|\n|rule|Species Clause: Limit one of each Pok\u00e9mon\n|rule|Item Clause: Limit 1 of each item\n|clearpoke\n|poke|p1|Kyogre, L50|\n|poke|p1|Tornadus, L50, M|\n|poke|p1|Raichu, L50, F|\n|poke|p1|Calyrex-Shadow, L50|\n|poke|p1|Urshifu-*, L50, M|\n|poke|p1|Clefairy, L50, M|\n|poke|p2|Calyrex-Ice, L50|\n|poke|p2|Kyogre, L50|\n|poke|p2|Indeedee-F, L50, F|\n|poke|p2|Urshifu-*, L50, F|\n|poke|p2|Amoonguss, L50, F|\n|poke|p2|Annihilape, L50, F|\n|teampreview|4\n|inactive|Battle timer is ON: inactive players will automatically lose when time's up. (requested by Lord_Neph)\n|inactive|j0l0k0 also wants the timer to be on.\n|\n|t:|1767994928\n|teamsize|p1|4\n|teamsize|p2|4\n|start\n|switch|p1a: Calyrex|Calyrex-Shadow, L50|100/100\n|switch|p1b: Urshifu|Urshifu-Rapid-Strike, L50, M|100/100\n|switch|p2a: Kyogre|Kyogre, L50, shiny|100/100\n|switch|p2b: Indeedee|Indeedee-F, L50, F, shiny|100/100\n|-ability|p1a: Calyrex|As One\n|-ability|p1a: Calyrex|Unnerve\n|-fieldstart|move: Psychic Terrain|[from] ability: Psychic Surge|[of] p2b: Indeedee\n|-weather|RainDance|[from] ability: Drizzle|[of] p2a: Kyogre\n|turn|1\n|inactive|Lord_Neph has 30 seconds left.\n|inactive|Lord_Neph has 20 seconds left.\n|\n|t:|1767994964\n|move|p1b: Urshifu|Surging Strikes|p2b: Indeedee\n|-crit|p2b: Indeedee\n|-damage|p2b: Indeedee|67/100\n|-crit|p2b: Indeedee\n|-damage|p2b: Indeedee|30/100\n|-crit|p2b: Indeedee\n|-damage|p2b: Indeedee|0 fnt\n|faint|p2b: Indeedee\n|-hitcount|p2: Indeedee|3\n|move|p1a: Calyrex|Astral Barrage|p2a: Kyogre\n|-damage|p2a: Kyogre|58/100\n|-damage|p1a: Calyrex|91/100|[from] item: Life Orb\n|move|p2a: Kyogre|Thunder|p1b: Urshifu\n|-supereffective|p1b: Urshifu\n|-damage|p1b: Urshifu|0 fnt\n|faint|p1b: Urshifu\n|\n|-weather|RainDance|[upkeep]\n|upkeep\n|\n|t:|1767994984\n|switch|p1b: Clefairy|Clefairy, L50, M|100/100\n|switch|p2b: Calyrex|Calyrex-Ice, L50|100/100\n|-ability|p2b: Calyrex|As One\n|-ability|p2b: Calyrex|Unnerve\n|turn|2\n|\n|t:|1767995009\n|-terastallize|p2b: Calyrex|Normal\n|move|p1b: Clefairy|Helping Hand|p1a: Calyrex\n|-singleturn|p1a: Calyrex|Helping Hand|[of] p1b: Clefairy\n|move|p1a: Calyrex|Astral Barrage|p2a: Kyogre|[spread] p2a\n|-immune|p2b: Calyrex\n|-crit|p2a: Kyogre\n|-damage|p2a: Kyogre|0 fnt\n|faint|p2a: Kyogre\n|-ability|p1a: Calyrex|Grim Neigh|boost\n|-boost|p1a: Calyrex|spa|1\n|-damage|p1a: Calyrex|81/100|[from] item: Life Orb\n|move|p2b: Calyrex|Trick Room|p2b: Calyrex\n|-fieldstart|move: Trick Room|[of] p2b: Calyrex\n|\n|-weather|RainDance|[upkeep]\n|upkeep\n|\n|t:|1767995022\n|switch|p2a: Urshifu|Urshifu, L50, F|100/100\n|turn|3\n|\n|t:|1767995031\n|-terastallize|p1a: Calyrex|Fairy\n|move|p1b: Clefairy|After You|p1a: Calyrex\n|-activate|p1a: Calyrex|move: After You\n|move|p1a: Calyrex|Draining Kiss|p2a: Urshifu\n|-supereffective|p2a: Urshifu\n|-enditem|p2a: Urshifu|Focus Sash\n|-damage|p2a: Urshifu|1/100\n|-heal|p1a: Calyrex|100/100|[from] drain|[of] p2a: Urshifu\n|-damage|p1a: Calyrex|91/100|[from] item: Life Orb\n|move|p2b: Calyrex|Glacial Lance|p1a: Calyrex|[spread] p1a,p1b\n|-damage|p1a: Calyrex|31/100\n|-damage|p1b: Clefairy|52/100\n|move|p2a: Urshifu|Poison Jab|p1b: Clefairy\n|-supereffective|p1b: Clefairy\n|-damage|p1b: Clefairy|0 fnt\n|faint|p1b: Clefairy\n|\n|-weather|RainDance|[upkeep]\n|upkeep\n|\n|t:|1767995039\n|switch|p1b: Kyogre|Kyogre, L50|100/100\n|turn|4\n|\n|t:|1767995051\n|move|p2b: Calyrex|Glacial Lance|p1a: Calyrex|[spread] p1a,p1b\n|-resisted|p1b: Kyogre\n|-damage|p1a: Calyrex|0 fnt\n|-damage|p1b: Kyogre|64/100\n|faint|p1a: Calyrex\n|-ability|p2b: Calyrex|Chilling Neigh|boost\n|-boost|p2b: Calyrex|atk|1\n|move|p2a: Urshifu|Close Combat|p1b: Kyogre\n|-damage|p1b: Kyogre|0 fnt\n|-unboost|p2a: Urshifu|def|1\n|-unboost|p2a: Urshifu|spd|1\n|faint|p1b: Kyogre\n|\n|win|j0l0k0\n|raw|Lord_Neph's rating: 1293 &rarr; <strong>1275</strong><br />(-18 for losing)\n|raw|j0l0k0's rating: 1390 &rarr; <strong>1405</strong><br />(+15 for winning)\n|l|\u2606Lord_Neph\n|player|p1|\n|c|\u2606j0l0k0|ggwp\n|l|\u2606j0l0k0\n|player|p2|\n","uploadtime":1767995191,"views":14,"formatid":"gen9vgc2026regi","rating":1275,"private":0,"password":null}