{"id":"gen9vgc2026regi-2536717244","format":"[Gen 9] VGC 2026 Reg I","players":["jiratajiri","kojimuranishi"],"log":"|j|\u2606jiratajiri\n|j|\u2606kojimuranishi\n|t:|1770729726\n|gametype|doubles\n|player|p1|jiratajiri|sage|1361\n|player|p2|kojimuranishi|101|1473\n|gen|9\n|tier|[Gen 9] VGC 2026 Reg I\n|rated|\n|rule|Species Clause: Limit one of each Pok\u00e9mon\n|rule|Item Clause: Limit 1 of each item\n|clearpoke\n|poke|p1|Kyogre, L50|\n|poke|p1|Calyrex-Ice, L50|\n|poke|p1|Rillaboom, L50, M|\n|poke|p1|Farigiraf, L50, F|\n|poke|p1|Urshifu-*, L50, M|\n|poke|p1|Whimsicott, L50, F|\n|poke|p2|Whimsicott, L50, F|\n|poke|p2|Chi-Yu, L50|\n|poke|p2|Calyrex-Ice, L50|\n|poke|p2|Miraidon, L50|\n|poke|p2|Ursaluna, L50, M|\n|poke|p2|Torkoal, L50, F|\n|teampreview|4\n|inactive|Battle timer is ON: inactive players will automatically lose when time's up. (requested by kojimuranishi)\n|\n|t:|1770729765\n|teamsize|p1|4\n|teamsize|p2|4\n|start\n|switch|p1a: Kyogre|Kyogre, L50|100/100\n|switch|p1b: Calyrex|Calyrex-Ice, L50|100/100\n|switch|p2a: Miraidon|Miraidon, L50|100/100\n|switch|p2b: Calyrex|Calyrex-Ice, L50|100/100\n|-ability|p2b: Calyrex|As One\n|-ability|p2b: Calyrex|Unnerve\n|-ability|p1b: Calyrex|As One\n|-ability|p1b: Calyrex|Unnerve\n|-fieldstart|move: Electric Terrain|[from] ability: Hadron Engine|[of] p2a: Miraidon\n|-weather|RainDance|[from] ability: Drizzle|[of] p1a: Kyogre\n|turn|1\n|inactive|jiratajiri has 30 seconds left.\n|inactive|kojimuranishi has 30 seconds left.\n|\n|t:|1770729795\n|-terastallize|p1a: Kyogre|Grass\n|-terastallize|p2b: Calyrex|Ice\n|move|p2a: Miraidon|Volt Switch|p1b: Calyrex\n|-damage|p1b: Calyrex|64/100\n|j| lunala fairy ghost\n|\n|t:|1770729801\n|switch|p2a: Torkoal|Torkoal, L50, F|100/100|[from] Volt Switch\n|-weather|SunnyDay|[from] ability: Drought|[of] p2a: Torkoal\n|move|p2b: Calyrex|Glacial Lance|p1b: Calyrex|[spread] p1a,p1b\n|-supereffective|p1a: Kyogre\n|-resisted|p1b: Calyrex\n|-crit|p1b: Calyrex\n|-damage|p1a: Kyogre|0 fnt\n|-damage|p1b: Calyrex|11/100\n|faint|p1a: Kyogre\n|-ability|p2b: Calyrex|Chilling Neigh|boost\n|-boost|p2b: Calyrex|atk|1\n|move|p1b: Calyrex|Glacial Lance|p2a: Torkoal|[spread] p2a,p2b\n|-resisted|p2a: Torkoal\n|-resisted|p2b: Calyrex\n|-damage|p2a: Torkoal|80/100\n|-damage|p2b: Calyrex|80/100\n|\n|-weather|SunnyDay|[upkeep]\n|upkeep\n|-message|jiratajiri forfeited.\n|\n|win|kojimuranishi\n|raw|jiratajiri's rating: 1361 &rarr; <strong>1347</strong><br />(-14 for losing)\n|raw|kojimuranishi's rating: 1473 &rarr; <strong>1487</strong><br />(+14 for winning)\n|l|\u2606jiratajiri\n|player|p1|\n|l|\u2606kojimuranishi\n|player|p2|\n|l| lunala fairy ghost\n","uploadtime":1770730045,"views":12,"formatid":"gen9vgc2026regi","rating":1347,"private":0,"password":null}