{"id":"gen9vgc2026regi-2522312564","format":"[Gen 9] VGC 2026 Reg I","players":["blackred123","poke\\(0w0)/ball"],"log":"|j|\u2606blackred123\n|j|\u2606poke\\(0w0)/ball\n|t:|1768885636\n|gametype|doubles\n|player|p1|blackred123|iono-masters|1206\n|player|p2|poke\\(0w0)/ball|n|1277\n|gen|9\n|tier|[Gen 9] VGC 2026 Reg I\n|rated|\n|rule|Species Clause: Limit one of each Pok\u00e9mon\n|rule|Item Clause: Limit 1 of each item\n|clearpoke\n|poke|p1|Calyrex-Shadow, L50|\n|poke|p1|Indeedee-F, L50, F|\n|poke|p1|Clefairy, L50, F|\n|poke|p1|Zamazenta-*, L50|\n|poke|p1|Tornadus, L50, M|\n|poke|p1|Comfey, L50, M|\n|poke|p2|Miraidon, L50|\n|poke|p2|Solgaleo, L50|\n|poke|p2|Ursaluna, L50, M|\n|poke|p2|Incineroar, L50, F|\n|poke|p2|Rillaboom, L50, M|\n|poke|p2|Hawlucha, L50, M|\n|teampreview|4\n|inactive|Battle timer is ON: inactive players will automatically lose when time's up. (requested by blackred123)\n|inactive|poke\\(0w0)/ball has 60 seconds left.\n|\n|t:|1768885678\n|teamsize|p1|4\n|teamsize|p2|4\n|start\n|switch|p1a: \u556a\u53fd\u556a\uff08\u6251\u51fb\u58f0\uff09|Zamazenta-Crowned, L50|100/100\n|switch|p1b: \u6211\u7231\u5bfc\u7ba1|Indeedee-F, L50, F|100/100\n|switch|p2a: Solgaleo|Solgaleo, L50|100/100\n|switch|p2b: Miraidon|Miraidon, L50|100/100\n|-fieldstart|move: Electric Terrain|[from] ability: Hadron Engine|[of] p2b: Miraidon\n|-ability|p1a: \u556a\u53fd\u556a\uff08\u6251\u51fb\u58f0\uff09|Dauntless Shield|boost\n|-boost|p1a: \u556a\u53fd\u556a\uff08\u6251\u51fb\u58f0\uff09|def|1\n|-fieldstart|move: Psychic Terrain|[from] ability: Psychic Surge|[of] p1b: \u6211\u7231\u5bfc\u7ba1\n|turn|1\n|inactive|blackred123 has 30 seconds left.\n|inactive|poke\\(0w0)/ball has 30 seconds left.\n|inactive|poke\\(0w0)/ball has 20 seconds left.\n|inactive|poke\\(0w0)/ball has 15 seconds left.\n|\n|t:|1768885721\n|-terastallize|p2b: Miraidon|Electric\n|move|p1b: \u6211\u7231\u5bfc\u7ba1|Follow Me|p1b: \u6211\u7231\u5bfc\u7ba1\n|-singleturn|p1b: \u6211\u7231\u5bfc\u7ba1|move: Follow Me\n|move|p2b: Miraidon|Volt Switch|p1b: \u6211\u7231\u5bfc\u7ba1\n|-damage|p1b: \u6211\u7231\u5bfc\u7ba1|44/100\n|\n|t:|1768885728\n|switch|p2b: Incineroar|Incineroar, L50, F|100/100|[from] Volt Switch\n|-ability|p2b: Incineroar|Intimidate|boost\n|-unboost|p1a: \u556a\u53fd\u556a\uff08\u6251\u51fb\u58f0\uff09|atk|1\n|-unboost|p1b: \u6211\u7231\u5bfc\u7ba1|atk|1\n|move|p1a: \u556a\u53fd\u556a\uff08\u6251\u51fb\u58f0\uff09|Body Press|p2a: Solgaleo\n|-damage|p2a: Solgaleo|56/100\n|move|p2a: Solgaleo|Knock Off|p1b: \u6211\u7231\u5bfc\u7ba1\n|-supereffective|p1b: \u6211\u7231\u5bfc\u7ba1\n|-damage|p1b: \u6211\u7231\u5bfc\u7ba1|0 fnt\n|-enditem|p1b: \u6211\u7231\u5bfc\u7ba1|Safety Goggles|[from] move: Knock Off|[of] p2a: Solgaleo\n|faint|p1b: \u6211\u7231\u5bfc\u7ba1\n|\n|-heal|p2a: Solgaleo|62/100|[from] item: Leftovers\n|upkeep\n|\n|t:|1768885743\n|switch|p1b: \u53f8\u9a6c|Calyrex-Shadow, L50|100/100\n|-ability|p1b: \u53f8\u9a6c|As One\n|-ability|p1b: \u53f8\u9a6c|Unnerve\n|turn|2\n|inactive|poke\\(0w0)/ball has 30 seconds left.\n|inactive|poke\\(0w0)/ball has 20 seconds left.\n|inactive|poke\\(0w0)/ball has 15 seconds left.\n|inactive|poke\\(0w0)/ball has 10 seconds left.\n|\n|t:|1768885792\n|-terastallize|p1b: \u53f8\u9a6c|Ghost\n|move|p1b: \u53f8\u9a6c|Astral Barrage|p2b: Incineroar|[spread] p2a,p2b\n|-supereffective|p2a: Solgaleo\n|-resisted|p2b: Incineroar\n|-damage|p2a: Solgaleo|0 fnt\n|-damage|p2b: Incineroar|57/100\n|faint|p2a: Solgaleo\n|-ability|p1b: \u53f8\u9a6c|Grim Neigh|boost\n|-boost|p1b: \u53f8\u9a6c|spa|1\n|move|p1a: \u556a\u53fd\u556a\uff08\u6251\u51fb\u58f0\uff09|Body Press|p2b: Incineroar\n|-supereffective|p2b: Incineroar\n|-damage|p2b: Incineroar|0 fnt\n|faint|p2b: Incineroar\n|\n|upkeep\n|-message|poke\\(0w0)/ball forfeited.\n|\n|win|blackred123\n|raw|blackred123's rating: 1206 &rarr; <strong>1236</strong><br />(+30 for winning)\n|raw|poke\\(0w0)&#x2f;ball's rating: 1277 &rarr; <strong>1247</strong><br />(-30 for losing)\n|l|\u2606poke\\(0w0)/ball\n|player|p2|\n|l|\u2606blackred123\n|player|p1|\n","uploadtime":1768886033,"views":8,"formatid":"gen9vgc2026regi","rating":1236,"private":0,"password":null}