{"id":"gen9vgc2026regi-2567040653","format":"[Gen 9] VGC 2026 Reg I","players":["jeigan for smash","Galact7adi"],"log":"|j|\u2606jeigan for smash\n|j|\u2606Galact7adi\n|t:|1774444060\n|gametype|doubles\n|player|p1|jeigan for smash|giovanni|1560\n|player|p2|Galact7adi|101|1501\n|gen|9\n|tier|[Gen 9] VGC 2026 Reg I\n|rated|\n|rule|Species Clause: Limit one of each Pok\u00e9mon\n|rule|Item Clause: Limit 1 of each item\n|clearpoke\n|poke|p1|Calyrex-Shadow, L50|\n|poke|p1|Miraidon, L50|\n|poke|p1|Incineroar, L50, F|\n|poke|p1|Sneasler, L50, M|\n|poke|p1|Araquanid, L50, M|\n|poke|p1|Whimsicott, L50, M|\n|poke|p2|Miraidon, L50|\n|poke|p2|Calyrex-Ice, L50|\n|poke|p2|Farigiraf, L50, M|\n|poke|p2|Iron Hands, L50|\n|poke|p2|Clefairy, L50, M|\n|poke|p2|Ursaluna-Bloodmoon, L50, M|\n|teampreview|4\n|inactive|Battle timer is ON: inactive players will automatically lose when time's up. (requested by Galact7adi)\n|inactive|jeigan for smash also wants the timer to be on.\n|inactive|Galact7adi has 60 seconds left.\n|\n|t:|1774444095\n|teamsize|p1|4\n|teamsize|p2|4\n|start\n|switch|p1a: Sneasler|Sneasler, L50, M|100/100\n|switch|p1b: Miraidon|Miraidon, L50|100/100\n|switch|p2a: Miraidon|Miraidon, L50|100/100\n|switch|p2b: Farigiraf|Farigiraf, L50, M|100/100\n|-fieldstart|move: Electric Terrain|[from] ability: Hadron Engine|[of] p1b: Miraidon\n|-enditem|p1a: Sneasler|Electric Seed\n|-boost|p1a: Sneasler|def|1|[from] item: Electric Seed\n|-enditem|p2b: Farigiraf|Electric Seed\n|-boost|p2b: Farigiraf|def|1|[from] item: Electric Seed\n|-activate|p2a: Miraidon|ability: Hadron Engine\n|turn|1\n|\n|t:|1774444109\n|switch|p2b: Iron Hands|Iron Hands, L50|100/100\n|-activate|p2b: Iron Hands|ability: Quark Drive\n|-start|p2b: Iron Hands|quarkdriveatk\n|-terastallize|p2a: Miraidon|Fairy\n|move|p1a: Sneasler|Acid Spray|p2b: Iron Hands\n|-damage|p2b: Iron Hands|97/100\n|-unboost|p2b: Iron Hands|spd|2\n|move|p1b: Miraidon|Volt Switch|p2b: Iron Hands\n|-resisted|p2b: Iron Hands\n|-damage|p2b: Iron Hands|59/100\n|\n|t:|1774444114\n|switch|p1b: Araquanid|Araquanid, L50, M|100/100|[from] Volt Switch\n|move|p2a: Miraidon|Dazzling Gleam|p1a: Sneasler|[spread] p1a,p1b\n|-damage|p1a: Sneasler|20/100\n|-damage|p1b: Araquanid|54/100\n|\n|upkeep\n|turn|2\n|\n|t:|1774444127\n|switch|p1a: Calyrex|Calyrex-Shadow, L50|100/100\n|-ability|p1a: Calyrex|As One\n|-ability|p1a: Calyrex|Unnerve\n|move|p2b: Iron Hands|Fake Out|p1b: Araquanid\n|-damage|p1b: Araquanid|35/100\n|cant|p1b: Araquanid|flinch\n|move|p2a: Miraidon|Dazzling Gleam|p1b: Araquanid|[spread] p1a,p1b\n|-damage|p1a: Calyrex|24/100\n|-damage|p1b: Araquanid|0 fnt\n|faint|p1b: Araquanid\n|\n|upkeep\n|\n|t:|1774444145\n|switch|p1b: Sneasler|Sneasler, L50, M|20/100\n|turn|3\n|inactive|Galact7adi has 30 seconds left.\n|l|\u2606Galact7adi\n|inactive|Galact7adi disconnected and has a minute to reconnect!\n|player|p2|\n|inactive|Galact7adi has 20 seconds left.\n|inactive|Galact7adi has 15 seconds left.\n|inactive|Galact7adi has 10 seconds left.\n|inactive|Galact7adi has 5 seconds left.\n|-message|Galact7adi lost due to inactivity.\n|\n|win|jeigan for smash\n|raw|jeigan for smash's rating: 1560 &rarr; <strong>1577</strong><br />(+17 for winning)\n|raw|Galact7adi's rating: 1501 &rarr; <strong>1484</strong><br />(-17 for losing)\n|l|\u2606jeigan for smash\n|player|p1|\n","uploadtime":1774444353,"views":15,"formatid":"gen9vgc2026regi","rating":1484,"private":0,"password":null}