{"id":"gen9vgc2026regi-2578955893","format":"[Gen 9] VGC 2026 Reg I","players":["asroarri","invisible_15178"],"log":"|j|\u2606asroarri\n|j|\u2606invisible_15178\n|t:|1775740196\n|gametype|doubles\n|player|p1|asroarri|dawn|1610\n|player|p2|invisible_15178|266|1483\n|gen|9\n|tier|[Gen 9] VGC 2026 Reg I\n|rated|\n|rule|Species Clause: Limit one of each Pok\u00e9mon\n|rule|Item Clause: Limit 1 of each item\n|clearpoke\n|poke|p1|Calyrex-Ice, L50|\n|poke|p1|Miraidon, L50|\n|poke|p1|Iron Hands, L50|\n|poke|p1|Farigiraf, L50, F|\n|poke|p1|Torkoal, L50, F|\n|poke|p1|Smeargle, L50, F|\n|poke|p2|Calyrex-Ice, L50|\n|poke|p2|Ogerpon-Hearthflame, L50, F|\n|poke|p2|Koraidon, L50|\n|poke|p2|Gouging Fire, L50|\n|poke|p2|Ursaluna-Bloodmoon, L50, M|\n|poke|p2|Urshifu-*, L50, F|\n|teampreview|4\n|inactive|Battle timer is ON: inactive players will automatically lose when time's up. (requested by invisible_15178)\n|j| kairuvn\ninvisible_15178 rejected open team sheets.\n|\n|t:|1775740217\n|teamsize|p1|4\n|teamsize|p2|4\n|start\n|switch|p1a: Calyrex|Calyrex-Ice, L50|100/100\n|switch|p1b: Iron Hands|Iron Hands, L50|100/100\n|switch|p2a: Calyrex|Calyrex-Ice, L50|100/100\n|switch|p2b: Ursaluna|Ursaluna-Bloodmoon, L50, M|100/100\n|-ability|p2a: Calyrex|As One\n|-ability|p2a: Calyrex|Unnerve\n|-ability|p1a: Calyrex|As One\n|-ability|p1a: Calyrex|Unnerve\n|turn|1\n|\n|t:|1775740230\n|move|p2b: Ursaluna|Protect|p2b: Ursaluna\n|-singleturn|p2b: Ursaluna|Protect\n|move|p1b: Iron Hands|Fake Out|p2a: Calyrex\n|-damage|p2a: Calyrex|91/100\n|move|p2a: Calyrex|Zen Headbutt|p1b: Iron Hands\n|-supereffective|p1b: Iron Hands\n|-damage|p1b: Iron Hands|38/100\n|move|p1a: Calyrex|Trick Room|p1a: Calyrex\n|-fieldstart|move: Trick Room|[of] p1a: Calyrex\n|\n|upkeep\n|turn|2\n|\n|t:|1775740251\n|move|p1a: Calyrex|Glacial Lance|p2b: Ursaluna|[spread] p2a,p2b\n|-resisted|p2a: Calyrex\n|-supereffective|p2b: Ursaluna\n|-damage|p2a: Calyrex|72/100\n|-damage|p2b: Ursaluna|21/100\n|move|p2a: Calyrex|Glacial Lance|p1a: Calyrex|[spread] p1a,p1b\n|-resisted|p1a: Calyrex\n|-damage|p1a: Calyrex|83/100\n|-damage|p1b: Iron Hands|2/100\n|move|p1b: Iron Hands|Low Kick|p2a: Calyrex\n|-damage|p2a: Calyrex|27/100\n|move|p2b: Ursaluna|Hyper Voice|p1a: Calyrex|[spread] p1a,p1b\n|-damage|p1a: Calyrex|60/100\n|-damage|p1b: Iron Hands|0 fnt\n|faint|p1b: Iron Hands\n|-end|p1b: Iron Hands|Quark Drive|[silent]\n|-enditem|p2b: Ursaluna|Throat Spray\n|-boost|p2b: Ursaluna|spa|1|[from] item: Throat Spray\n|\n|upkeep\n|\n|t:|1775740261\n|switch|p1b: Torkoal|Torkoal, L50, F|100/100\n|-weather|SunnyDay|[from] ability: Drought|[of] p1b: Torkoal\n|turn|3\n|j| randy.zhang2023\n|inactive|invisible_15178 has 30 seconds left.\n|inactive|invisible_15178 has 20 seconds left.\n|\n|t:|1775740298\n|-terastallize|p1b: Torkoal|Fire\n|-terastallize|p2a: Calyrex|Water\n|move|p1b: Torkoal|Eruption|p2b: Ursaluna|[spread] p2a,p2b\n|-resisted|p2a: Calyrex\n|-damage|p2a: Calyrex|0 fnt\n|-damage|p2b: Ursaluna|0 fnt\n|faint|p2a: Calyrex\n|faint|p2b: Ursaluna\n|move|p1a: Calyrex|Glacial Lance|p2: Calyrex|[notarget]\n|-fail|p1a: Calyrex\n|\n|-weather|SunnyDay|[upkeep]\n|upkeep\n|\n|t:|1775740306\n|switch|p2a: Gouging Fire|Gouging Fire, L50|100/100\n|switch|p2b: Koraidon|Koraidon, L50|100/100\n|-activate|p2b: Koraidon|ability: Orichalcum Pulse\n|-activate|p2a: Gouging Fire|ability: Protosynthesis\n|-start|p2a: Gouging Fire|protosynthesisatk\n|turn|4\n|\n|t:|1775740320\n|move|p1b: Torkoal|Eruption|p2a: Gouging Fire|[spread] p2a,p2b\n|-resisted|p2a: Gouging Fire\n|-resisted|p2b: Koraidon\n|-damage|p2a: Gouging Fire|71/100\n|-damage|p2b: Koraidon|37/100\n|move|p1a: Calyrex|Glacial Lance|p2b: Koraidon|[spread] p2a,p2b\n|-supereffective|p2b: Koraidon\n|-damage|p2a: Gouging Fire|30/100\n|-damage|p2b: Koraidon|0 fnt\n|faint|p2b: Koraidon\n|-ability|p1a: Calyrex|Chilling Neigh|boost\n|-boost|p1a: Calyrex|atk|1\n|move|p2a: Gouging Fire|Flare Blitz|p1a: Calyrex\n|-supereffective|p1a: Calyrex\n|-damage|p1a: Calyrex|0 fnt\n|faint|p1a: Calyrex\n|-damage|p2a: Gouging Fire|8/100|[from] Recoil\n|-damage|p2a: Gouging Fire|0 fnt|[from] item: Life Orb\n|faint|p2a: Gouging Fire\n|-end|p2a: Gouging Fire|Protosynthesis|[silent]\n|\n|win|asroarri\n|raw|asroarri's rating: 1610 &rarr; <strong>1623</strong><br />(+13 for winning)\n|raw|invisible_15178's rating: 1483 &rarr; <strong>1470</strong><br />(-13 for losing)\n|l|\u2606asroarri\n|player|p1|\n|l|\u2606invisible_15178\n|player|p2|\n","uploadtime":1775740493,"views":10,"formatid":"gen9vgc2026regi","rating":1470,"private":0,"password":null}