{"id":"gen9vgc2026regi-2537298517","format":"[Gen 9] VGC 2026 Reg I","players":["MarEQuinox","501JFW"],"log":"|j|\u2606MarEQuinox\n|j|\u2606501JFW\n|t:|1770793326\n|gametype|doubles\n|player|p1|MarEQuinox|cynthia-gen4|1431\n|player|p2|501JFW|1|1496\n|gen|9\n|tier|[Gen 9] VGC 2026 Reg I\n|rated|\n|rule|Species Clause: Limit one of each Pok\u00e9mon\n|rule|Item Clause: Limit 1 of each item\n|clearpoke\n|poke|p1|Miraidon, L50|\n|poke|p1|Calyrex-Ice, L50|\n|poke|p1|Dondozo, L50, F|\n|poke|p1|Tatsugiri, L50, F|\n|poke|p1|Chien-Pao, L50|\n|poke|p1|Dragonite, L50, M|\n|poke|p2|Kyogre, L50|\n|poke|p2|Calyrex-Ice, L50|\n|poke|p2|Amoonguss, L50, F|\n|poke|p2|Iron Jugulis, L50|\n|poke|p2|Urshifu-*, L50, M|\n|poke|p2|Indeedee-F, L50, F|\n|teampreview|4\n|inactive|Battle timer is ON: inactive players will automatically lose when time's up. (requested by 501JFW)\n|\n|t:|1770793352\n|teamsize|p1|4\n|teamsize|p2|4\n|start\n|switch|p1a: Miraidon|Miraidon, L50|100/100\n|switch|p1b: Chien-Pao|Chien-Pao, L50|100/100\n|switch|p2a: Calyrex|Calyrex-Ice, L50|100/100\n|switch|p2b: Indeedee|Indeedee-F, L50, F, shiny|100/100\n|-ability|p2a: Calyrex|As One\n|-ability|p2a: Calyrex|Unnerve\n|-fieldstart|move: Electric Terrain|[from] ability: Hadron Engine|[of] p1a: Miraidon\n|-ability|p1b: Chien-Pao|Sword of Ruin\n|-fieldstart|move: Psychic Terrain|[from] ability: Psychic Surge|[of] p2b: Indeedee\n|-enditem|p2b: Indeedee|Psychic Seed\n|-boost|p2b: Indeedee|spd|1|[from] item: Psychic Seed\n|turn|1\n|inactive|501JFW has 30 seconds left.\n|\n|t:|1770793378\n|move|p1a: Miraidon|Volt Switch|p2a: Calyrex\n|-damage|p2a: Calyrex|76/100\n|\n|t:|1770793382\n|switch|p1a: Calyrex|Calyrex-Ice, L50|100/100|[from] Volt Switch\n|-ability|p1a: Calyrex|As One\n|-ability|p1a: Calyrex|Unnerve\n|move|p1b: Chien-Pao|Ice Spinner|p2a: Calyrex\n|-resisted|p2a: Calyrex\n|-damage|p2a: Calyrex|62/100\n|-fieldend|move: Psychic Terrain\n|move|p2a: Calyrex|Glacial Lance|p1a: Calyrex|[spread] p1a,p1b\n|-resisted|p1a: Calyrex\n|-resisted|p1b: Chien-Pao\n|-damage|p1a: Calyrex|77/100\n|-damage|p1b: Chien-Pao|60/100\n|move|p2b: Indeedee|Trick Room|p2b: Indeedee\n|-fieldstart|move: Trick Room|[of] p2b: Indeedee\n|\n|-heal|p1a: Calyrex|83/100|[from] item: Leftovers\n|upkeep\n|turn|2\n|inactive|MarEQuinox has 30 seconds left.\n|\n|t:|1770793409\n|move|p2b: Indeedee|Helping Hand|p2a: Calyrex\n|-singleturn|p2a: Calyrex|Helping Hand|[of] p2b: Indeedee\n|move|p1b: Chien-Pao|Sucker Punch|p2a: Calyrex\n|-supereffective|p2a: Calyrex\n|-damage|p2a: Calyrex|19/100\n|move|p2a: Calyrex|Glacial Lance|p1b: Chien-Pao|[spread] p1a,p1b\n|-resisted|p1a: Calyrex\n|-resisted|p1b: Chien-Pao\n|-damage|p1a: Calyrex|49/100\n|-damage|p1b: Chien-Pao|0 fnt\n|faint|p1b: Chien-Pao\n|-ability|p2a: Calyrex|Chilling Neigh|boost\n|-boost|p2a: Calyrex|atk|1\n|move|p1a: Calyrex|Glacial Lance|p2a: Calyrex|[spread] p2a,p2b\n|-resisted|p2a: Calyrex\n|-damage|p2a: Calyrex|3/100\n|-damage|p2b: Indeedee|56/100\n|\n|-heal|p1a: Calyrex|55/100|[from] item: Leftovers\n|upkeep\n|\n|t:|1770793419\n|switch|p1b: Dragonite|Dragonite, L50, M|100/100\n|turn|3\n|inactive|501JFW has 30 seconds left.\n|\n|t:|1770793449\n|-terastallize|p1b: Dragonite|Normal\n|move|p2b: Indeedee|Follow Me|p2b: Indeedee\n|-singleturn|p2b: Indeedee|move: Follow Me\n|move|p1b: Dragonite|Extreme Speed|p2b: Indeedee\n|-crit|p2b: Indeedee\n|-damage|p2b: Indeedee|0 fnt\n|faint|p2b: Indeedee\n|move|p2a: Calyrex|Glacial Lance|p1a: Calyrex|[spread] p1a,p1b\n|-resisted|p1a: Calyrex\n|-crit|p1a: Calyrex\n|-damage|p1a: Calyrex|14/100\n|-damage|p1b: Dragonite|13/100\n|move|p1a: Calyrex|Glacial Lance|p2a: Calyrex\n|-resisted|p2a: Calyrex\n|-damage|p2a: Calyrex|0 fnt\n|faint|p2a: Calyrex\n|-ability|p1a: Calyrex|Chilling Neigh|boost\n|-boost|p1a: Calyrex|atk|1\n|\n|-heal|p1a: Calyrex|20/100|[from] item: Leftovers\n|upkeep\n|\n|t:|1770793460\n|switch|p2a: Amoonguss|Amoonguss, L50, F, shiny|100/100\n|switch|p2b: Kyogre|Kyogre, L50, shiny|100/100\n|-weather|RainDance|[from] ability: Drizzle|[of] p2b: Kyogre\n|turn|4\n|inactive|501JFW has 30 seconds left.\n|inactive|501JFW has 20 seconds left.\n|\n|t:|1770793499\n|move|p1a: Calyrex|Protect|p1a: Calyrex\n|-singleturn|p1a: Calyrex|Protect\n|move|p1b: Dragonite|Extreme Speed|p2b: Kyogre\n|-damage|p2b: Kyogre|29/100\n|move|p2a: Amoonguss|Spore|p1a: Calyrex\n|-activate|p1a: Calyrex|move: Protect\n|move|p2b: Kyogre|Water Spout|p1b: Dragonite|[spread] p1b\n|-activate|p1a: Calyrex|move: Protect\n|-damage|p1b: Dragonite|0 fnt\n|faint|p1b: Dragonite\n|\n|-weather|RainDance|[upkeep]\n|-heal|p1a: Calyrex|26/100|[from] item: Leftovers\n|upkeep\n|-message|501JFW forfeited.\n|\n|win|MarEQuinox\n|raw|MarEQuinox's rating: 1431 &rarr; <strong>1455</strong><br />(+24 for winning)\n|raw|501JFW's rating: 1496 &rarr; <strong>1472</strong><br />(-24 for losing)\n|l|\u2606501JFW\n|player|p2|\n|l|\u2606MarEQuinox\n|player|p1|\n","uploadtime":1770793696,"views":21,"formatid":"gen9vgc2026regi","rating":1455,"private":0,"password":null}