{"id":"gen9vgc2026regi-2514598581","format":"[Gen 9] VGC 2026 Reg I","players":["thec00ldod","liam.2025"],"log":"|j|\u2606thec00ldod\n|j|\u2606liam.2025\n|t:|1767889540\n|gametype|doubles\n|player|p1|thec00ldod|kukui|1169\n|player|p2|liam.2025|policeman|1174\n|gen|9\n|tier|[Gen 9] VGC 2026 Reg I\n|rated|\n|rule|Species Clause: Limit one of each Pok\u00e9mon\n|rule|Item Clause: Limit 1 of each item\n|clearpoke\n|poke|p1|Miraidon, L50|\n|poke|p1|Incineroar, L50, F|\n|poke|p1|Whimsicott, L50, M|\n|poke|p1|Kingambit, L50, F|\n|poke|p1|Farigiraf, L50, F|\n|poke|p1|Calyrex-Ice, L50|\n|poke|p2|Murkrow, L50, F|\n|poke|p2|Weezing-Galar, L50, M|\n|poke|p2|Terapagos, L50, M|\n|poke|p2|Smeargle, L50, M|\n|poke|p2|Calyrex-Ice, L50|\n|poke|p2|Ursaluna, L50, F|\n|teampreview|4\n|\n|t:|1767889568\n|teamsize|p1|4\n|teamsize|p2|4\n|start\n|switch|p1a: THE UNDERDOG|Kingambit, L50, F, shiny|100/100\n|switch|p1b: THE GOAT|Incineroar, L50, F, shiny|100/100\n|switch|p2a: Murkrow|Murkrow, L50, F|100/100\n|switch|p2b: Calyrex|Calyrex-Ice, L50|100/100\n|-ability|p2b: Calyrex|As One\n|-ability|p2b: Calyrex|Unnerve\n|-ability|p1b: THE GOAT|Intimidate|boost\n|-unboost|p2a: Murkrow|atk|1\n|-fail|p2b: Calyrex|unboost|[from] item: Clear Amulet|[of] p2b: Calyrex\n|turn|1\n|inactive|Battle timer is ON: inactive players will automatically lose when time's up. (requested by liam.2025)\n|inactive|liam.2025 has 60 seconds left.\n|\n|t:|1767889605\n|-terastallize|p2b: Calyrex|Water\n|move|p2a: Murkrow|Brave Bird|p1b: THE GOAT\n|-damage|p1b: THE GOAT|63/100\n|-damage|p2a: Murkrow|84/100|[from] Recoil\n|move|p2b: Calyrex|High Horsepower|p1a: THE UNDERDOG\n|-supereffective|p1a: THE UNDERDOG\n|-damage|p1a: THE UNDERDOG|50/100\n|move|p1b: THE GOAT|Knock Off|p2a: Murkrow\n|-resisted|p2a: Murkrow\n|-damage|p2a: Murkrow|32/100\n|-enditem|p2a: Murkrow|Ability Shield|[from] move: Knock Off|[of] p1b: THE GOAT\n|move|p1a: THE UNDERDOG|Iron Head|p2a: Murkrow\n|-damage|p2a: Murkrow|0 fnt\n|faint|p2a: Murkrow\n|\n|upkeep\n|\n|t:|1767889627\n|switch|p2a: Smeargle|Smeargle, L50, M|100/100\n|turn|2\n|\n|t:|1767889639\n|move|p2a: Smeargle|Decorate|p2b: Calyrex\n|-boost|p2b: Calyrex|atk|2\n|-boost|p2b: Calyrex|spa|2\n|move|p2b: Calyrex|Glacial Lance|p1a: THE UNDERDOG|[spread] p1a,p1b\n|-resisted|p1a: THE UNDERDOG\n|-resisted|p1b: THE GOAT\n|-damage|p1a: THE UNDERDOG|12/100\n|-damage|p1b: THE GOAT|19/100\n|move|p1b: THE GOAT|Knock Off|p2b: Calyrex\n|-damage|p2b: Calyrex|74/100\n|-enditem|p2b: Calyrex|Clear Amulet|[from] move: Knock Off|[of] p1b: THE GOAT\n|move|p1a: THE UNDERDOG|Kowtow Cleave|p2b: Calyrex\n|-damage|p2b: Calyrex|43/100\n|\n|upkeep\n|turn|3\n|\n|t:|1767889660\n|switch|p1b: THE COWBOY|Calyrex-Ice, L50|100/100\n|-ability|p1b: THE COWBOY|As One\n|-ability|p1b: THE COWBOY|Unnerve\n|move|p1a: THE UNDERDOG|Sucker Punch|p2b: Calyrex\n|-damage|p2b: Calyrex|17/100\n|move|p2a: Smeargle|Decorate|p2b: Calyrex\n|-boost|p2b: Calyrex|atk|2\n|-boost|p2b: Calyrex|spa|2\n|move|p2b: Calyrex|Glacial Lance|p1a: THE UNDERDOG|[spread] p1a,p1b\n|-resisted|p1a: THE UNDERDOG\n|-resisted|p1b: THE COWBOY\n|-damage|p1a: THE UNDERDOG|0 fnt\n|-damage|p1b: THE COWBOY|59/100\n|faint|p1a: THE UNDERDOG\n|-ability|p2b: Calyrex|Chilling Neigh|boost\n|-boost|p2b: Calyrex|atk|1\n|\n|upkeep\n|\n|t:|1767889662\n|switch|p1a: THE NUKE|Miraidon, L50, shiny|100/100\n|-fieldstart|move: Electric Terrain|[from] ability: Hadron Engine|[of] p1a: THE NUKE\n|turn|4\n|\n|t:|1767889681\n|-terastallize|p1a: THE NUKE|Electric\n|move|p1b: THE COWBOY|Protect|p1b: THE COWBOY\n|-singleturn|p1b: THE COWBOY|Protect\n|move|p2a: Smeargle|Follow Me|p2a: Smeargle\n|-singleturn|p2a: Smeargle|move: Follow Me\n|move|p1a: THE NUKE|Discharge|p2b: Calyrex|[spread] p2a,p2b\n|-activate|p1b: THE COWBOY|move: Protect\n|-supereffective|p2b: Calyrex\n|-enditem|p2a: Smeargle|Focus Sash\n|-damage|p2a: Smeargle|1/100\n|-damage|p2b: Calyrex|0 fnt\n|faint|p2b: Calyrex\n|\n|upkeep\n|-message|liam.2025 forfeited.\n|\n|win|thec00ldod\n|raw|thec00ldod's rating: 1169 &rarr; <strong>1194</strong><br />(+25 for winning)\n|raw|liam.2025's rating: 1174 &rarr; <strong>1149</strong><br />(-25 for losing)\n|l|\u2606liam.2025\n|player|p2|\n|l|\u2606thec00ldod\n|player|p1|\n","uploadtime":1767889883,"views":14,"formatid":"gen9vgc2026regi","rating":1149,"private":0,"password":null}