{"id":"gen9vgc2026regi-2559407876","format":"[Gen 9] VGC 2026 Reg I","players":["Griffithzzz","terafireflareblitz"],"log":"|j|\u2606Griffithzzz\n|j|\u2606terafireflareblitz\n|t:|1773560867\n|gametype|doubles\n|player|p1|Griffithzzz|265|1240\n|player|p2|terafireflareblitz|sycamore|1263\n|gen|9\n|tier|[Gen 9] VGC 2026 Reg I\n|rated|\n|rule|Species Clause: Limit one of each Pok\u00e9mon\n|rule|Item Clause: Limit 1 of each item\n|clearpoke\n|poke|p1|Miraidon, L50|\n|poke|p1|Calyrex-Ice, L50|\n|poke|p1|Incineroar, L50, M|\n|poke|p1|Grimmsnarl, L50, M|\n|poke|p1|Tornadus, L50, M|\n|poke|p1|Urshifu-*, L50, F|\n|poke|p2|Koraidon, L50|\n|poke|p2|Lunala, L50|\n|poke|p2|Indeedee-F, L50, F|\n|poke|p2|Flutter Mane, L50|\n|poke|p2|Chi-Yu, L50|\n|poke|p2|Ursaluna, L50, M|\n|teampreview|4\n|inactive|Battle timer is ON: inactive players will automatically lose when time's up. (requested by terafireflareblitz)\n|inactive|Griffithzzz has 60 seconds left.\n|\n|t:|1773560902\n|teamsize|p1|4\n|teamsize|p2|4\n|start\n|switch|p1a: Miraidon|Miraidon, L50|100/100\n|switch|p1b: Tornadus|Tornadus, L50, M|100/100\n|switch|p2a: Koraidon|Koraidon, L50, shiny|100/100\n|switch|p2b: Indeedee|Indeedee-F, L50, F, shiny|100/100\n|-weather|SunnyDay|[from] ability: Orichalcum Pulse|[of] p2a: Koraidon\n|-activate|p2a: Koraidon|Orichalcum Pulse|[source]\n|-fieldstart|move: Electric Terrain|[from] ability: Hadron Engine|[of] p1a: Miraidon\n|-fieldstart|move: Psychic Terrain|[from] ability: Psychic Surge|[of] p2b: Indeedee\n|turn|1\n|\n|t:|1773560921\n|switch|p2a: Ursaluna|Ursaluna, L50, M, shiny|100/100\n|move|p1b: Tornadus|Tailwind|p1b: Tornadus\n|-sidestart|p1: Griffithzzz|move: Tailwind\n|move|p1a: Miraidon|Volt Switch|p2b: Indeedee\n|-damage|p2b: Indeedee|45/100\n|\n|t:|1773560930\n|switch|p1a: Calyrex|Calyrex-Ice, L50|100/100|[from] Volt Switch\n|-ability|p1a: Calyrex|As One\n|-ability|p1a: Calyrex|Unnerve\n|move|p2b: Indeedee|Trick Room|p2b: Indeedee\n|-fieldstart|move: Trick Room|[of] p2b: Indeedee\n|\n|-weather|SunnyDay|[upkeep]\n|-status|p2a: Ursaluna|brn|[from] item: Flame Orb\n|upkeep\n|turn|2\n|\n|t:|1773560947\n|switch|p2b: Lunala|Lunala, L50, shiny|100/100\n|-terastallize|p2a: Ursaluna|Bug\n|-terastallize|p1a: Calyrex|Fire\n|move|p1b: Tornadus|Substitute|p1b: Tornadus\n|-start|p1b: Tornadus|Substitute\n|-damage|p1b: Tornadus|76/100\n|move|p2a: Ursaluna|Facade|p1a: Calyrex\n|-damage|p1a: Calyrex|27/100\n|move|p1a: Calyrex|Glacial Lance|p2b: Lunala|[spread] p2a,p2b\n|-damage|p2a: Ursaluna|61/100 brn\n|-damage|p2b: Lunala|79/100\n|\n|-weather|SunnyDay|[upkeep]\n|-damage|p2a: Ursaluna|55/100 brn|[from] brn\n|upkeep\n|turn|3\n|inactive|Griffithzzz has 30 seconds left.\n|\n|t:|1773560973\n|move|p1a: Calyrex|Protect|p1a: Calyrex\n|-singleturn|p1a: Calyrex|Protect\n|move|p2a: Ursaluna|Facade|p1b: Tornadus\n|-end|p1b: Tornadus|Substitute\n|move|p2b: Lunala|Expanding Force|p1a: Calyrex|[spread] p1b\n|-activate|p1a: Calyrex|move: Protect\n|-damage|p1b: Tornadus|0 fnt\n|faint|p1b: Tornadus\n|\n|-weather|SunnyDay|[upkeep]\n|-damage|p2a: Ursaluna|49/100 brn|[from] brn\n|upkeep\n|\n|t:|1773560992\n|switch|p1b: Urshifu|Urshifu-Rapid-Strike, L50, F|100/100\n|turn|4\n|\n|t:|1773561001\n|move|p2a: Ursaluna|Facade|p1a: Calyrex\n|-damage|p1a: Calyrex|0 fnt\n|faint|p1a: Calyrex\n|move|p2b: Lunala|Expanding Force|p1b: Urshifu\n|-supereffective|p1b: Urshifu\n|-damage|p1b: Urshifu|0 fnt\n|faint|p1b: Urshifu\n|\n|-weather|SunnyDay|[upkeep]\n|-damage|p2a: Ursaluna|44/100 brn|[from] brn\n|-sideend|p1: Griffithzzz|move: Tailwind\n|upkeep\n|-message|Griffithzzz forfeited.\n|\n|win|terafireflareblitz\n|raw|Griffithzzz's rating: 1240 &rarr; <strong>1217</strong><br />(-23 for losing)\n|raw|terafireflareblitz's rating: 1263 &rarr; <strong>1286</strong><br />(+23 for winning)\n","uploadtime":1773561010,"views":14,"formatid":"gen9vgc2026regi","rating":1217,"private":0,"password":null}