{"id":"gen9vgc2026regi-2559349794","format":"[Gen 9] VGC 2026 Reg I","players":["suc vat vk","TheManOfSausage"],"log":"|j|\u2606suc vat vk\n|j|\u2606TheManOfSausage\n|t:|1773550324\n|gametype|doubles\n|player|p1|suc vat vk|kimonogirl|1417\n|player|p2|TheManOfSausage|miku-water|1429\n|gen|9\n|tier|[Gen 9] VGC 2026 Reg I\n|rated|\n|rule|Species Clause: Limit one of each Pok\u00e9mon\n|rule|Item Clause: Limit 1 of each item\n|clearpoke\n|poke|p1|Indeedee-F, L50, F|\n|poke|p1|Mewtwo, L50|\n|poke|p1|Tornadus, L50, M|\n|poke|p1|Urshifu-*, L50, M|\n|poke|p1|Incineroar, L50, M|\n|poke|p1|Zamazenta-*, L50|\n|poke|p2|Zamazenta-*, L50|\n|poke|p2|Miraidon, L50|\n|poke|p2|Ogerpon-Cornerstone, L50, F|\n|poke|p2|Incineroar, L50, M|\n|poke|p2|Volcarona, L50, M|\n|poke|p2|Urshifu-*, L50, M|\n|teampreview|4\nTheManOfSausage has agreed to open team sheets.\n|j| GGGianG\n|\n|t:|1773550403\n|teamsize|p1|4\n|teamsize|p2|4\n|start\n|switch|p1a: Mewtwo|Mewtwo, L50, shiny|100/100\n|switch|p1b: Indeedee|Indeedee-F, L50, F|100/100\n|switch|p2a: Tama|Miraidon, L50|100/100\n|switch|p2b: Incineroar|Incineroar, L50, M, shiny|100/100\n|-fieldstart|move: Electric Terrain|[from] ability: Hadron Engine|[of] p2a: Tama\n|-ability|p1a: Mewtwo|Pressure\n|-fieldstart|move: Psychic Terrain|[from] ability: Psychic Surge|[of] p1b: Indeedee\n|-enditem|p1b: Indeedee|Psychic Seed\n|-boost|p1b: Indeedee|spd|1|[from] item: Psychic Seed\n|-ability|p2b: Incineroar|Intimidate|boost\n|-unboost|p1a: Mewtwo|atk|1\n|-unboost|p1b: Indeedee|atk|1\n|turn|1\n|\n|t:|1773550421\n|move|p1b: Indeedee|Helping Hand|p1a: Mewtwo\n|-singleturn|p1a: Mewtwo|Helping Hand|[of] p1b: Indeedee\n|move|p2a: Tama|Snarl|p1a: Mewtwo|[spread] p1a,p1b\n|-supereffective|p1a: Mewtwo\n|-crit|p1a: Mewtwo\n|-supereffective|p1b: Indeedee\n|-crit|p1b: Indeedee\n|-damage|p1a: Mewtwo|50/100\n|-damage|p1b: Indeedee|60/100\n|-unboost|p1a: Mewtwo|spa|1\n|-unboost|p1b: Indeedee|spa|1\n|move|p1a: Mewtwo|Aura Sphere|p2b: Incineroar\n|-supereffective|p2b: Incineroar\n|-damage|p2b: Incineroar|41/100\n|-damage|p1a: Mewtwo|40/100|[from] item: Life Orb\n|move|p2b: Incineroar|U-turn|p1b: Indeedee\n|-supereffective|p1b: Indeedee\n|-damage|p1b: Indeedee|20/100\n|\n|t:|1773550431\n|switch|p2b: Volcarona|Volcarona, L50, M|100/100|[from] U-turn\n|\n|upkeep\n|turn|2\n|\n|t:|1773550455\n|switch|p1a: Zamazenta|Zamazenta-Crowned, L50, shiny|100/100\n|-ability|p1a: Zamazenta|Dauntless Shield|boost\n|-boost|p1a: Zamazenta|def|1\n|move|p1b: Indeedee|Follow Me|p1b: Indeedee\n|-singleturn|p1b: Indeedee|move: Follow Me\n|move|p2a: Tama|Snarl|p1a: Zamazenta|[spread] p1a,p1b\n|-resisted|p1a: Zamazenta\n|-supereffective|p1b: Indeedee\n|-damage|p1a: Zamazenta|95/100\n|-damage|p1b: Indeedee|0 fnt\n|-unboost|p1a: Zamazenta|spa|1\n|faint|p1b: Indeedee\n|move|p2b: Volcarona|Quiver Dance|p2b: Volcarona\n|-boost|p2b: Volcarona|spa|1\n|-boost|p2b: Volcarona|spd|1\n|-boost|p2b: Volcarona|spe|1\n|\n|upkeep\n|\n|t:|1773550460\n|switch|p1b: Urshifu|Urshifu-Rapid-Strike, L50, M|100/100\n|turn|3\n|\n|t:|1773550468\n|switch|p2a: Incineroar|Incineroar, L50, M, shiny|41/100\n|-ability|p2a: Incineroar|Intimidate|boost\n|-unboost|p1a: Zamazenta|atk|1\n|-unboost|p1b: Urshifu|atk|1\n|-terastallize|p2b: Volcarona|Grass\n|move|p2b: Volcarona|Giga Drain|p1b: Urshifu\n|-supereffective|p1b: Urshifu\n|-damage|p1b: Urshifu|0 fnt\n|faint|p1b: Urshifu\n|move|p1a: Zamazenta|Body Press|p2a: Incineroar\n|-supereffective|p2a: Incineroar\n|-damage|p2a: Incineroar|0 fnt\n|faint|p2a: Incineroar\n|\n|upkeep\n|\n|t:|1773550494\n|switch|p1b: Mewtwo|Mewtwo, L50, shiny|40/100\n|switch|p2a: Tama|Miraidon, L50|100/100\n|-fieldstart|move: Electric Terrain|[from] ability: Hadron Engine|[of] p2a: Tama\n|-enditem|p2b: Volcarona|Electric Seed\n|-boost|p2b: Volcarona|def|1|[from] item: Electric Seed\n|-ability|p1b: Mewtwo|Pressure\n|turn|4\n|-message|suc vat vk forfeited.\n|\n|win|TheManOfSausage\n|raw|suc vat vk's rating: 1417 &rarr; <strong>1398</strong><br />(-19 for losing)\n|raw|TheManOfSausage's rating: 1429 &rarr; <strong>1448</strong><br />(+19 for winning)\n|l|\u2606suc vat vk\n|player|p1|\n|l|\u2606TheManOfSausage\n|player|p2|\n","uploadtime":1773550639,"views":12,"formatid":"gen9vgc2026regi","rating":1398,"private":0,"password":null}