{"id":"gen9vgc2026regi-2521118945","format":"[Gen 9] VGC 2026 Reg I","players":["Kellen1999","kojimuranishi"],"log":"|j|\u2606Kellen1999\n|j|\u2606kojimuranishi\n|t:|1768732432\n|gametype|doubles\n|player|p1|Kellen1999|skyla|1490\n|player|p2|kojimuranishi|169|1465\n|gen|9\n|tier|[Gen 9] VGC 2026 Reg I\n|rated|\n|rule|Species Clause: Limit one of each Pok\u00e9mon\n|rule|Item Clause: Limit 1 of each item\n|clearpoke\n|poke|p1|Kyogre, L50|\n|poke|p1|Calyrex-Ice, L50|\n|poke|p1|Iron Jugulis, L50|\n|poke|p1|Amoonguss, L50, F|\n|poke|p1|Indeedee-F, L50, F|\n|poke|p1|Urshifu-*, L50, F|\n|poke|p2|Miraidon, L50|\n|poke|p2|Lunala, L50|\n|poke|p2|Chien-Pao, L50|\n|poke|p2|Dragonite, L50, F|\n|poke|p2|Ursaluna, L50, M|\n|poke|p2|Urshifu-*, L50, M|\n|teampreview|4\n|inactive|Battle timer is ON: inactive players will automatically lose when time's up. (requested by Kellen1999)\n|\n|t:|1768732445\n|teamsize|p1|4\n|teamsize|p2|4\n|start\n|switch|p1a: Calyrex|Calyrex-Ice, L50|100/100\n|switch|p1b: Indeedee|Indeedee-F, L50, F|100/100\n|switch|p2a: Miraidon|Miraidon, L50|100/100\n|switch|p2b: Lunala|Lunala, L50|100/100\n|-ability|p1a: Calyrex|As One\n|-ability|p1a: Calyrex|Unnerve\n|-fieldstart|move: Electric Terrain|[from] ability: Hadron Engine|[of] p2a: Miraidon\n|-fieldstart|move: Psychic Terrain|[from] ability: Psychic Surge|[of] p1b: Indeedee\n|turn|1\n|\n|t:|1768732466\n|-terastallize|p2a: Miraidon|Electric\n|-terastallize|p1a: Calyrex|Grass\n|move|p1b: Indeedee|Follow Me|p1b: Indeedee\n|-singleturn|p1b: Indeedee|move: Follow Me\n|move|p2a: Miraidon|Electro Drift|p1b: Indeedee\n|-damage|p1b: Indeedee|28/100\n|-enditem|p1b: Indeedee|Eject Button\n|\n|t:|1768732477\n|switch|p1b: Kyogre|Kyogre, L50|100/100\n|-weather|RainDance|[from] ability: Drizzle|[of] p1b: Kyogre\n|move|p2b: Lunala|Meteor Beam||[still]\n|-prepare|p2b: Lunala|Meteor Beam\n|-boost|p2b: Lunala|spa|1\n|-enditem|p2b: Lunala|Power Herb\n|-anim|p2b: Lunala|Meteor Beam|p1a: Calyrex\n|-damage|p1a: Calyrex|61/100\n|move|p1a: Calyrex|Glacial Lance|p2b: Lunala|[spread] p2a,p2b\n|-crit|p2b: Lunala\n|-damage|p2a: Miraidon|37/100\n|-damage|p2b: Lunala|66/100\n|\n|-weather|RainDance|[upkeep]\n|upkeep\n|turn|2\n|inactive|Kellen1999 has 30 seconds left.\n|\n|t:|1768732511\n|switch|p1b: Indeedee|Indeedee-F, L50, F|28/100\n|move|p2a: Miraidon|Electro Drift|p1b: Indeedee\n|-damage|p1b: Indeedee|0 fnt\n|faint|p1b: Indeedee\n|move|p2b: Lunala|Moongeist Beam|p1a: Calyrex\n|-damage|p1a: Calyrex|13/100\n|move|p1a: Calyrex|Seed Bomb|p2a: Miraidon\n|-damage|p2a: Miraidon|0 fnt\n|faint|p2a: Miraidon\n|-ability|p1a: Calyrex|Chilling Neigh|boost\n|-boost|p1a: Calyrex|atk|1\n|\n|-weather|RainDance|[upkeep]\n|upkeep\n|\n|t:|1768732531\n|switch|p2a: Urshifu|Urshifu-Rapid-Strike, L50, M|100/100\n|switch|p1b: Urshifu|Urshifu-Rapid-Strike, L50, F|100/100\n|turn|3\n|\n|t:|1768732548\n|move|p2a: Urshifu|Close Combat|p1b: Urshifu\n|-damage|p1b: Urshifu|37/100\n|-unboost|p2a: Urshifu|def|1\n|-unboost|p2a: Urshifu|spd|1\n|move|p1b: Urshifu|Surging Strikes|p2b: Lunala\n|-crit|p2b: Lunala\n|-damage|p2b: Lunala|39/100\n|-crit|p2b: Lunala\n|-damage|p2b: Lunala|15/100\n|-crit|p2b: Lunala\n|-damage|p2b: Lunala|0 fnt\n|faint|p2b: Lunala\n|-hitcount|p2: Lunala|3\n|move|p1a: Calyrex|Seed Bomb|p2a: Urshifu\n|-supereffective|p2a: Urshifu\n|-crit|p2a: Urshifu\n|-enditem|p2a: Urshifu|Focus Sash\n|-damage|p2a: Urshifu|1/100\n|\n|-weather|RainDance|[upkeep]\n|upkeep\n|\n|t:|1768732568\n|switch|p2b: Ursaluna|Ursaluna, L50, M|100/100\n|turn|4\n|\n|t:|1768732587\n|move|p2a: Urshifu|Close Combat|p1b: Urshifu\n|-damage|p1b: Urshifu|0 fnt\n|-unboost|p2a: Urshifu|def|1\n|-unboost|p2a: Urshifu|spd|1\n|faint|p1b: Urshifu\n|move|p1a: Calyrex|Glacial Lance|p2a: Urshifu|[spread] p2a,p2b\n|-resisted|p2a: Urshifu\n|-supereffective|p2b: Ursaluna\n|-damage|p2a: Urshifu|0 fnt\n|-damage|p2b: Ursaluna|0 fnt\n|faint|p2a: Urshifu\n|faint|p2b: Ursaluna\n|\n|win|Kellen1999\n|raw|Kellen1999's rating: 1490 &rarr; <strong>1509</strong><br />(+19 for winning)\n|raw|kojimuranishi's rating: 1465 &rarr; <strong>1446</strong><br />(-19 for losing)\n|l|\u2606kojimuranishi\n|player|p2|\n","uploadtime":1768732833,"views":19,"formatid":"gen9vgc2026regi","rating":1446,"private":0,"password":null}