{"id":"gen9vgc2026regi-2530400877","format":"[Gen 9] VGC 2026 Reg I","players":["J_A_DragneeL","alexit93"],"log":"|j|\u2606J_A_DragneeL\n|j|\u2606alexit93\n|t:|1769912182\n|gametype|doubles\n|player|p1|J_A_DragneeL|hilbert|1209\n|player|p2|alexit93|lucas-gen4pt|1239\n|gen|9\n|tier|[Gen 9] VGC 2026 Reg I\n|rated|\n|rule|Species Clause: Limit one of each Pok\u00e9mon\n|rule|Item Clause: Limit 1 of each item\n|clearpoke\n|poke|p1|Terapagos, L50, M|\n|poke|p1|Comfey, L50, F|\n|poke|p1|Ogerpon-Wellspring, L50, F|\n|poke|p1|Incineroar, L50, M|\n|poke|p1|Rillaboom, L50, M|\n|poke|p1|Chi-Yu, L50|\n|poke|p2|Zamazenta-*, L50|\n|poke|p2|Riolu, L50, F|\n|poke|p2|Calyrex-Ice, L50|\n|poke|p2|Rillaboom, L50, F|\n|poke|p2|Incineroar, L50, F|\n|poke|p2|Urshifu-*, L50, M|\n|teampreview|4\n|inactive|Battle timer is ON: inactive players will automatically lose when time's up. (requested by alexit93)\n|\n|t:|1769912236\n|teamsize|p1|4\n|teamsize|p2|4\n|start\n|switch|p1a: Area Zero|Terapagos, L50, M|100/100\n|switch|p1b: Hero|Incineroar, L50, M, shiny|100/100\n|switch|p2a: Zamazenta|Zamazenta-Crowned, L50, shiny|100/100\n|switch|p2b: Riolu|Riolu, L50, F|100/100\n|-activate|p1a: Area Zero|ability: Tera Shift\n|detailschange|p1a: Area Zero|Terapagos-Terastal, L50, M\n|-heal|p1a: Area Zero|100/100|[silent]\n|-ability|p2a: Zamazenta|Dauntless Shield|boost\n|-boost|p2a: Zamazenta|def|1\n|-ability|p1b: Hero|Intimidate|boost\n|-unboost|p2a: Zamazenta|atk|1\n|-unboost|p2b: Riolu|atk|1\n|turn|1\n|inactive|alexit93 has 30 seconds left.\n|\n|t:|1769912269\n|move|p2b: Riolu|Quick Guard|p2b: Riolu\n|-singleturn|p2b: Riolu|Quick Guard\n|move|p1b: Hero|Fake Out|p2a: Zamazenta\n|-activate|p2a: Zamazenta|move: Quick Guard\n|move|p2a: Zamazenta|Body Press|p1b: Hero\n|-supereffective|p1b: Hero\n|-damage|p1b: Hero|0 fnt\n|faint|p1b: Hero\n|move|p1a: Area Zero|Calm Mind|p1a: Area Zero\n|-boost|p1a: Area Zero|spa|1\n|-boost|p1a: Area Zero|spd|1\n|\n|upkeep\n|\n|t:|1769912286\n|switch|p1b: Resilience|Comfey, L50, F, shiny|100/100\n|turn|2\n|\n|t:|1769912299\n|move|p1a: Area Zero|Protect|p1a: Area Zero\n|-singleturn|p1a: Area Zero|Protect\n|move|p2b: Riolu|Feint|p1a: Area Zero\n|-activate|p1a: Area Zero|move: Feint\n|-activate|p1a: Area Zero|ability: Tera Shell\n|-resisted|p1a: Area Zero\n|-damage|p1a: Area Zero|99/100\n|move|p2a: Zamazenta|Body Press|p1a: Area Zero\n|-supereffective|p1a: Area Zero\n|-damage|p1a: Area Zero|0 fnt\n|faint|p1a: Area Zero\n|move|p1b: Resilience|Trick Room|p1b: Resilience\n|-fieldstart|move: Trick Room|[of] p1b: Resilience\n|\n|upkeep\n|-message|J_A_DragneeL forfeited.\n|\n|win|alexit93\n|raw|J_A_DragneeL's rating: 1209 &rarr; <strong>1186</strong><br />(-23 for losing)\n|raw|alexit93's rating: 1239 &rarr; <strong>1262</strong><br />(+23 for winning)\n|l|\u2606J_A_DragneeL\n|player|p1|\n","uploadtime":1769912581,"views":15,"formatid":"gen9vgc2026regi","rating":1186,"private":0,"password":null}