{"id":"gen9vgc2026regi-2568394515","format":"[Gen 9] VGC 2026 Reg I","players":["gancelot","d'oh12"],"log":"|j|\u2606gancelot\n|j|\u2606d'oh12\n|t:|1774573736\n|gametype|doubles\n|player|p1|gancelot|morty|1364\n|player|p2|d'oh12|fantina|1292\n|gen|9\n|tier|[Gen 9] VGC 2026 Reg I\n|rated|\n|rule|Species Clause: Limit one of each Pok\u00e9mon\n|rule|Item Clause: Limit 1 of each item\n|clearpoke\n|poke|p1|Sinistcha, L50|\n|poke|p1|Urshifu-*, L50, M|\n|poke|p1|Terapagos, L50, M|\n|poke|p1|Miraidon, L50|\n|poke|p1|Incineroar, L50, F|\n|poke|p1|Iron Treads, L50|\n|poke|p2|Calyrex-Ice, L50|\n|poke|p2|Miraidon, L50|\n|poke|p2|Ursaluna-Bloodmoon, L50, M|\n|poke|p2|Farigiraf, L50, M|\n|poke|p2|Chi-Yu, L50|\n|poke|p2|Smeargle, L50, F|\n|teampreview|4\n|inactive|Battle timer is ON: inactive players will automatically lose when time's up. (requested by gancelot)\nd'oh12 has agreed to open team sheets.\n|inactive|gancelot has 60 seconds left.\n|inactive|d'oh12 has 60 seconds left.\n|\n|t:|1774573772\n|teamsize|p1|4\n|teamsize|p2|4\n|start\n|switch|p1a: Urshifu|Urshifu-Rapid-Strike, L50, M|100/100\n|switch|p1b: Iron Treads|Iron Treads, L50|100/100\n|switch|p2a: Miraidon|Miraidon, L50|100/100\n|switch|p2b: Chi-Yu|Chi-Yu, L50|100/100\n|-ability|p2b: Chi-Yu|Beads of Ruin\n|-fieldstart|move: Electric Terrain|[from] ability: Hadron Engine|[of] p2a: Miraidon\n|-activate|p1b: Iron Treads|ability: Quark Drive\n|-start|p1b: Iron Treads|quarkdrivespe\n|turn|1\n|\n|t:|1774573787\n|move|p1b: Iron Treads|Rock Slide|p2b: Chi-Yu|[spread] p2a,p2b\n|-supereffective|p2b: Chi-Yu\n|-damage|p2a: Miraidon|76/100\n|-damage|p2b: Chi-Yu|27/100\n|-damage|p1b: Iron Treads|91/100|[from] item: Life Orb\n|move|p2b: Chi-Yu|Heat Wave|p1a: Urshifu|[spread] p1a,p1b\n|-resisted|p1a: Urshifu\n|-supereffective|p1b: Iron Treads\n|-damage|p1a: Urshifu|60/100\n|-damage|p1b: Iron Treads|0 fnt\n|faint|p1b: Iron Treads\n|-end|p1b: Iron Treads|Quark Drive|[silent]\n|move|p2a: Miraidon|Volt Switch|p1a: Urshifu\n|-supereffective|p1a: Urshifu\n|-damage|p1a: Urshifu|0 fnt\n|faint|p1a: Urshifu\n|\n|t:|1774573800\n|switch|p2a: Calyrex|Calyrex-Ice, L50|100/100|[from] Volt Switch\n|-ability|p2a: Calyrex|As One\n|-ability|p2a: Calyrex|Unnerve\n|\n|upkeep\n|\n|t:|1774573807\n|switch|p1b: Sinistcha|Sinistcha, L50|100/100\n|switch|p1a: Terapagos|Terapagos, L50, M|100/100\n|-activate|p1a: Terapagos|ability: Tera Shift\n|detailschange|p1a: Terapagos|Terapagos-Terastal, L50, M\n|-heal|p1a: Terapagos|100/100|[silent]\n|-enditem|p1a: Terapagos|Electric Seed\n|-boost|p1a: Terapagos|def|1|[from] item: Electric Seed\n|turn|2\n|\n|t:|1774573815\n|move|p1b: Sinistcha|Protect|p1b: Sinistcha\n|-singleturn|p1b: Sinistcha|Protect\n|move|p2b: Chi-Yu|Heat Wave|p1a: Terapagos|[spread] p1a\n|-activate|p1b: Sinistcha|move: Protect\n|-activate|p1a: Terapagos|ability: Tera Shell\n|-resisted|p1a: Terapagos\n|-damage|p1a: Terapagos|79/100\n|move|p1a: Terapagos|Calm Mind|p1a: Terapagos\n|-boost|p1a: Terapagos|spa|1\n|-boost|p1a: Terapagos|spd|1\n|move|p2a: Calyrex|Glacial Lance|p1a: Terapagos|[spread] p1a\n|-activate|p1b: Sinistcha|move: Protect\n|-crit|p1a: Terapagos\n|-damage|p1a: Terapagos|18/100\n|\n|upkeep\n|turn|3\n|\n|t:|1774573826\n|-terastallize|p1a: Terapagos|Stellar\n|detailschange|p1a: Terapagos|Terapagos-Stellar, L50, M, tera:Stellar\n|-heal|p1a: Terapagos|39/100|[silent]\n|-ability|p1a: Terapagos|Teraform Zero\n|-fieldend|move: Electric Terrain\n|move|p2b: Chi-Yu|Heat Wave|p1b: Sinistcha|[spread] p1a,p1b\n|-supereffective|p1b: Sinistcha\n|-damage|p1a: Terapagos|19/100\n|-damage|p1b: Sinistcha|0 fnt\n|faint|p1b: Sinistcha\n|move|p1a: Terapagos|Tera Starstorm|p2a: Calyrex|[spread] p2a,p2b\n|-damage|p2a: Calyrex|57/100\n|-damage|p2b: Chi-Yu|0 fnt\n|faint|p2b: Chi-Yu\n|move|p2a: Calyrex|Glacial Lance|p1a: Terapagos\n|-damage|p1a: Terapagos|0 fnt\n|faint|p1a: Terapagos\n|detailschange|p1: Terapagos|Terapagos, L50, M|[silent]\n|\n|win|d'oh12\n","uploadtime":1774573739,"views":11,"formatid":"gen9vgc2026regi","rating":null,"private":0,"password":null}