{"id":"gen9vgc2026regi-2561351096","format":"[Gen 9] VGC 2026 Reg I","players":["terafireflareblitz","Qwazay"],"log":"|j|\u2606terafireflareblitz\n|j|\u2606Qwazay\n|t:|1773786826\n|gametype|doubles\n|player|p1|terafireflareblitz|sycamore|1504\n|player|p2|Qwazay|rood|1367\n|gen|9\n|tier|[Gen 9] VGC 2026 Reg I\n|rated|\n|rule|Species Clause: Limit one of each Pok\u00e9mon\n|rule|Item Clause: Limit 1 of each item\n|clearpoke\n|poke|p1|Koraidon, L50|\n|poke|p1|Lunala, L50|\n|poke|p1|Indeedee-F, L50, F|\n|poke|p1|Flutter Mane, L50|\n|poke|p1|Volcarona, L50, F|\n|poke|p1|Ursaluna, L50, M|\n|poke|p2|Kyogre, L50|\n|poke|p2|Calyrex-Ice, L50|\n|poke|p2|Rillaboom, L50, M|\n|poke|p2|Ogerpon-Wellspring, L50, F|\n|poke|p2|Ursaluna-Bloodmoon, L50, M|\n|poke|p2|Tornadus, L50, M|\n|teampreview|4\n|inactive|Battle timer is ON: inactive players will automatically lose when time's up. (requested by terafireflareblitz)\n|inactive|Qwazay has 60 seconds left.\n|\n|t:|1773786863\n|teamsize|p1|4\n|teamsize|p2|4\n|start\n|switch|p1a: Lunala|Lunala, L50, shiny|100/100\n|switch|p1b: Indeedee|Indeedee-F, L50, F|100/100\n|switch|p2a: Tornadus|Tornadus, L50, M|100/100\n|switch|p2b: Rillaboom|Rillaboom, L50, M, shiny|100/100\n|-fieldstart|move: Psychic Terrain|[from] ability: Psychic Surge|[of] p1b: Indeedee\n|-fieldstart|move: Grassy Terrain|[from] ability: Grassy Surge|[of] p2b: Rillaboom\n|turn|1\n|\n|t:|1773786878\n|switch|p1b: Volcarona|Volcarona, L50, F|100/100\n|move|p2a: Tornadus|Protect|p2a: Tornadus\n|-singleturn|p2a: Tornadus|Protect\n|move|p1a: Lunala|Meteor Beam||[still]\n|-prepare|p1a: Lunala|Meteor Beam\n|-boost|p1a: Lunala|spa|1\n|-enditem|p1a: Lunala|Power Herb\n|-anim|p1a: Lunala|Meteor Beam|p2a: Tornadus\n|-activate|p2a: Tornadus|move: Protect\n|move|p2b: Rillaboom|U-turn|p1b: Volcarona\n|-resisted|p1b: Volcarona\n|-damage|p1b: Volcarona|89/100\n|-damage|p2b: Rillaboom|84/100|[from] item: Rocky Helmet|[of] p1b: Volcarona\n|-status|p2b: Rillaboom|brn|[from] ability: Flame Body|[of] p1b: Volcarona\n|\n|t:|1773786895\n|switch|p2b: Kyogre|Kyogre, L50|100/100|[from] U-turn\n|-weather|RainDance|[from] ability: Drizzle|[of] p2b: Kyogre\n|\n|-weather|RainDance|[upkeep]\n|-heal|p1b: Volcarona|95/100|[from] Grassy Terrain\n|upkeep\n|turn|2\n|\n|t:|1773786906\n|move|p1a: Lunala|Wide Guard|p1a: Lunala\n|-singleturn|p1a: Lunala|Wide Guard\n|move|p2a: Tornadus|Taunt|p1a: Lunala\n|-start|p1a: Lunala|move: Taunt\n|move|p1b: Volcarona|Struggle Bug|p2a: Tornadus|[spread] p2a,p2b\n|-resisted|p2a: Tornadus\n|-damage|p2a: Tornadus|92/100\n|-damage|p2b: Kyogre|90/100\n|-unboost|p2b: Kyogre|spa|1\n|move|p2b: Kyogre|Water Spout|p1a: Lunala|[spread] \n|-activate|p1a: Lunala|move: Wide Guard\n|-activate|p1b: Volcarona|move: Wide Guard\n|\n|-weather|RainDance|[upkeep]\n|-heal|p1b: Volcarona|100/100|[from] Grassy Terrain\n|-heal|p2b: Kyogre|96/100|[from] Grassy Terrain\n|upkeep\n|turn|3\n|\n|t:|1773786931\n|switch|p1b: Indeedee|Indeedee-F, L50, F|100/100\n|-fieldstart|move: Psychic Terrain|[from] ability: Psychic Surge|[of] p1b: Indeedee\n|-terastallize|p2b: Kyogre|Grass\n|move|p2a: Tornadus|Taunt|p1b: Indeedee\n|-activate|p1b: Indeedee|move: Psychic Terrain\n|move|p1a: Lunala|Expanding Force|p2a: Tornadus|[spread] p2a,p2b\n|-damage|p2a: Tornadus|0 fnt\n|-damage|p2b: Kyogre|34/100\n|faint|p2a: Tornadus\n|move|p2b: Kyogre|Water Spout|p1a: Lunala|[spread] p1a,p1b\n|-damage|p1a: Lunala|91/100\n|-damage|p1b: Indeedee|75/100\n|\n|-weather|RainDance|[upkeep]\n|upkeep\n|inactive|Qwazay has 30 seconds left.\n|-message|Qwazay forfeited.\n|\n|win|terafireflareblitz\n|raw|terafireflareblitz's rating: 1504 &rarr; <strong>1516</strong><br />(+12 for winning)\n|raw|Qwazay's rating: 1367 &rarr; <strong>1355</strong><br />(-12 for losing)\n","uploadtime":1773786962,"views":10,"formatid":"gen9vgc2026regi","rating":1355,"private":0,"password":null}