{"id":"gen9vgc2026regi-2533730083","format":"[Gen 9] VGC 2026 Reg I","players":["GojiraFanBoy","kojimuranishi"],"log":"|j|\u2606GojiraFanBoy\n|j|\u2606kojimuranishi\n|t:|1770333846\n|gametype|doubles\n|player|p1|GojiraFanBoy|102|1386\n|player|p2|kojimuranishi|170|1378\n|gen|9\n|tier|[Gen 9] VGC 2026 Reg I\n|rated|\n|rule|Species Clause: Limit one of each Pok\u00e9mon\n|rule|Item Clause: Limit 1 of each item\n|clearpoke\n|poke|p1|Koraidon, L50|\n|poke|p1|Calyrex-Shadow, L50|\n|poke|p1|Gothitelle, L50, F|\n|poke|p1|Scream Tail, L50|\n|poke|p1|Amoonguss, L50, F|\n|poke|p1|Incineroar, L50, F|\n|poke|p2|Whimsicott, L50, M|\n|poke|p2|Calyrex-Ice, L50|\n|poke|p2|Miraidon, L50|\n|poke|p2|Chi-Yu, L50|\n|poke|p2|Landorus, L50, M|\n|poke|p2|Ogerpon-Cornerstone, L50, F|\n|teampreview|4\n|inactive|Battle timer is ON: inactive players will automatically lose when time's up. (requested by kojimuranishi)\n|j| Pumpkin Priest\n|\n|t:|1770333863\n|teamsize|p1|4\n|teamsize|p2|4\n|start\n|switch|p1a: Scream Tail|Scream Tail, L50|100/100\n|switch|p1b: Gothitelle|Gothitelle, L50, F|100/100\n|switch|p2a: Whimsicott|Whimsicott, L50, M|100/100\n|switch|p2b: Chi-Yu|Chi-Yu, L50|100/100\n|-ability|p2b: Chi-Yu|Beads of Ruin\n|-enditem|p1a: Scream Tail|Booster Energy\n|-activate|p1a: Scream Tail|ability: Protosynthesis|[fromitem]\n|-start|p1a: Scream Tail|protosynthesisspe\n|turn|1\n|\n|t:|1770333884\n|-terastallize|p1a: Scream Tail|Dark\n|move|p1b: Gothitelle|Fake Out|p2b: Chi-Yu\n|-damage|p2b: Chi-Yu|91/100\n|move|p1a: Scream Tail|Perish Song|p1a: Scream Tail\n|-start|p1a: Scream Tail|perish3|[silent]\n|-start|p1b: Gothitelle|perish3|[silent]\n|-start|p2a: Whimsicott|perish3|[silent]\n|-start|p2b: Chi-Yu|perish3|[silent]\n|-fieldactivate|move: Perish Song\n|move|p2a: Whimsicott|Moonblast|p1a: Scream Tail\n|-supereffective|p1a: Scream Tail\n|-damage|p1a: Scream Tail|36/100\n|cant|p2b: Chi-Yu|flinch\n|\n|-start|p1a: Scream Tail|perish3\n|-start|p2a: Whimsicott|perish3\n|-start|p2b: Chi-Yu|perish3\n|-start|p1b: Gothitelle|perish3\n|upkeep\n|turn|2\n|\n|t:|1770333905\n|-end|p1a: Scream Tail|Protosynthesis|[silent]\n|switch|p1a: Incineroar|Incineroar, L50, F|100/100\n|-ability|p1a: Incineroar|Intimidate|boost\n|-unboost|p2a: Whimsicott|atk|1\n|-unboost|p2b: Chi-Yu|atk|1\n|move|p1b: Gothitelle|Protect|p1b: Gothitelle\n|-singleturn|p1b: Gothitelle|Protect\n|move|p2a: Whimsicott|Tailwind|p2a: Whimsicott\n|-sidestart|p2: kojimuranishi|move: Tailwind\n|move|p2b: Chi-Yu|Heat Wave|p1a: Incineroar|[spread] p1a\n|-activate|p1b: Gothitelle|move: Protect\n|-resisted|p1a: Incineroar\n|-damage|p1a: Incineroar|71/100\n|\n|-start|p2a: Whimsicott|perish2\n|-start|p2b: Chi-Yu|perish2\n|-start|p1b: Gothitelle|perish2\n|upkeep\n|turn|3\n|inactive|kojimuranishi has 30 seconds left.\n|\n|t:|1770333931\n|switch|p1b: Scream Tail|Scream Tail, L50, tera:Dark|36/100\n|-terastallize|p2a: Whimsicott|Ghost\n|move|p2a: Whimsicott|Moonblast|p1b: Scream Tail\n|-supereffective|p1b: Scream Tail\n|-crit|p1b: Scream Tail\n|-damage|p1b: Scream Tail|0 fnt\n|faint|p1b: Scream Tail\n|-end|p1b: Scream Tail|Protosynthesis|[silent]\n|move|p2b: Chi-Yu|Heat Wave|p1a: Incineroar\n|-resisted|p1a: Incineroar\n|-damage|p1a: Incineroar|30/100\n|move|p1a: Incineroar|Parting Shot|p2a: Whimsicott\n|-unboost|p2a: Whimsicott|atk|1\n|-unboost|p2a: Whimsicott|spa|1\n|\n|t:|1770333944\n|switch|p1a: Gothitelle|Gothitelle, L50, F|100/100|[from] Parting Shot\n|\n|-start|p2a: Whimsicott|perish1\n|-start|p2b: Chi-Yu|perish1\n|upkeep\n|\n|t:|1770333950\n|switch|p1b: Incineroar|Incineroar, L50, F|30/100\n|-ability|p1b: Incineroar|Intimidate|boost\n|-unboost|p2a: Whimsicott|atk|1\n|-unboost|p2b: Chi-Yu|atk|1\n|turn|4\n|\n|t:|1770333961\n|switch|p2a: Miraidon|Miraidon, L50|100/100\n|-fieldstart|move: Electric Terrain|[from] ability: Hadron Engine|[of] p2a: Miraidon\n|switch|p1a: Koraidon|Koraidon, L50|100/100\n|-weather|SunnyDay|[from] ability: Orichalcum Pulse|[of] p1a: Koraidon\n|-activate|p1a: Koraidon|Orichalcum Pulse|[source]\n|move|p1b: Incineroar|Protect|p1b: Incineroar\n|-singleturn|p1b: Incineroar|Protect\n|move|p2b: Chi-Yu|Heat Wave|p1b: Incineroar|[spread] p1a\n|-activate|p1b: Incineroar|move: Protect\n|-resisted|p1a: Koraidon\n|-damage|p1a: Koraidon|32/100\n|\n|-weather|SunnyDay|[upkeep]\n|-start|p2b: Chi-Yu|perish0\n|faint|p2b: Chi-Yu\n|upkeep\n|-message|GojiraFanBoy forfeited.\n|\n|win|kojimuranishi\n|raw|GojiraFanBoy's rating: 1386 &rarr; <strong>1366</strong><br />(-20 for losing)\n|raw|kojimuranishi's rating: 1378 &rarr; <strong>1398</strong><br />(+20 for winning)\n|l|\u2606GojiraFanBoy\n|player|p1|\n|l|\u2606kojimuranishi\n|player|p2|\n|l| Pumpkin Priest\n","uploadtime":1770334137,"views":13,"formatid":"gen9vgc2026regi","rating":1366,"private":0,"password":null}