{"id":"gen9vgc2026regi-2542093200","format":"[Gen 9] VGC 2026 Reg I","players":["kaiSSTX","j0l0k0"],"log":"|j|\u2606kaiSSTX\n|j|\u2606j0l0k0\n|t:|1771413202\n|gametype|doubles\n|player|p1|kaiSSTX|palmer|1441\n|player|p2|j0l0k0|brycen|1413\n|gen|9\n|tier|[Gen 9] VGC 2026 Reg I\n|rated|\n|rule|Species Clause: Limit one of each Pok\u00e9mon\n|rule|Item Clause: Limit 1 of each item\n|clearpoke\n|poke|p1|Ho-Oh, L50|\n|poke|p1|Miraidon, L50|\n|poke|p1|Iron Treads, L50|\n|poke|p1|Iron Bundle, L50|\n|poke|p1|Urshifu-*, L50, M|\n|poke|p1|Farigiraf, L50, F|\n|poke|p2|Calyrex-Ice, L50|\n|poke|p2|Kyogre, L50|\n|poke|p2|Indeedee-F, L50, F|\n|poke|p2|Urshifu-*, L50, F|\n|poke|p2|Amoonguss, L50, F|\n|poke|p2|Landorus, L50, M|\n|teampreview|4\n|inactive|Battle timer is ON: inactive players will automatically lose when time's up. (requested by j0l0k0)\n|inactive|kaiSSTX has 60 seconds left.\n|\n|t:|1771413260\n|teamsize|p1|4\n|teamsize|p2|4\n|start\n|switch|p1a: Farigiraf|Farigiraf, L50, F|100/100\n|switch|p1b: Miraidon|Miraidon, L50|100/100\n|switch|p2a: Indeedee|Indeedee-F, L50, F, shiny|100/100\n|switch|p2b: Calyrex|Calyrex-Ice, L50|100/100\n|-ability|p2b: Calyrex|As One\n|-ability|p2b: Calyrex|Unnerve\n|-fieldstart|move: Electric Terrain|[from] ability: Hadron Engine|[of] p1b: Miraidon\n|-enditem|p1a: Farigiraf|Electric Seed\n|-boost|p1a: Farigiraf|def|1|[from] item: Electric Seed\n|-fieldstart|move: Psychic Terrain|[from] ability: Psychic Surge|[of] p2a: Indeedee\n|turn|1\n|\n|t:|1771413279\n|move|p2a: Indeedee|Follow Me|p2a: Indeedee\n|-singleturn|p2a: Indeedee|move: Follow Me\n|move|p1b: Miraidon|Volt Switch|p2a: Indeedee\n|-damage|p2a: Indeedee|50/100\n|\n|t:|1771413288\n|switch|p1b: Urshifu|Urshifu, L50, M|100/100|[from] Volt Switch\n|move|p1a: Farigiraf|Imprison|p1a: Farigiraf\n|-start|p1a: Farigiraf|move: Imprison\n|move|p2b: Calyrex|Glacial Lance|p1b: Urshifu|[spread] p1a,p1b\n|-damage|p1a: Farigiraf|60/100\n|-damage|p1b: Urshifu|36/100\n|\n|upkeep\n|turn|2\n|inactive|kaiSSTX has 30 seconds left.\n|inactive|kaiSSTX has 20 seconds left.\n|\n|t:|1771413324\n|move|p2a: Indeedee|Follow Me|p2a: Indeedee\n|-singleturn|p2a: Indeedee|move: Follow Me\n|move|p1b: Urshifu|Wicked Blow|p2a: Indeedee\n|-supereffective|p2a: Indeedee\n|-crit|p2a: Indeedee\n|-damage|p2a: Indeedee|0 fnt\n|faint|p2a: Indeedee\n|move|p1a: Farigiraf|Hyper Voice|p2b: Calyrex\n|-damage|p2b: Calyrex|72/100\n|move|p2b: Calyrex|Glacial Lance|p1a: Farigiraf|[spread] p1a,p1b\n|-damage|p1a: Farigiraf|17/100\n|-damage|p1b: Urshifu|0 fnt\n|faint|p1b: Urshifu\n|-ability|p2b: Calyrex|Chilling Neigh|boost\n|-boost|p2b: Calyrex|atk|1\n|\n|upkeep\n|\n|t:|1771413336\n|switch|p1b: Miraidon|Miraidon, L50|100/100\n|switch|p2a: Kyogre|Kyogre, L50, shiny|100/100\n|-fieldstart|move: Electric Terrain|[from] ability: Hadron Engine|[of] p1b: Miraidon\n|-weather|RainDance|[from] ability: Drizzle|[of] p2a: Kyogre\n|turn|3\n|inactive|kaiSSTX has 30 seconds left.\n|inactive|kaiSSTX has 20 seconds left.\n|inactive|kaiSSTX has 15 seconds left.\n|\n|t:|1771413379\n|-terastallize|p2a: Kyogre|Grass\n|move|p1a: Farigiraf|Helping Hand|p1b: Miraidon\n|-singleturn|p1b: Miraidon|Helping Hand|[of] p1a: Farigiraf\n|move|p1b: Miraidon|Electro Drift|p2b: Calyrex\n|-damage|p2b: Calyrex|0 fnt\n|faint|p2b: Calyrex\n|move|p2a: Kyogre|Water Spout|p1a: Farigiraf|[spread] p1a,p1b\n|-resisted|p1b: Miraidon\n|-damage|p1a: Farigiraf|0 fnt\n|-damage|p1b: Miraidon|50/100\n|faint|p1a: Farigiraf\n|\n|-weather|RainDance|[upkeep]\n|upkeep\n|inactive|j0l0k0 has 30 seconds left.\n|\n|t:|1771413410\n|switch|p1a: Iron Bundle|Iron Bundle, L50|100/100\n|switch|p2b: Landorus|Landorus, L50, M, shiny|100/100\n|-activate|p1a: Iron Bundle|ability: Quark Drive\n|-start|p1a: Iron Bundle|quarkdrivespe\n|turn|4\n|\n|t:|1771413424\n|move|p1a: Iron Bundle|Icy Wind|p2a: Kyogre|[spread] p2a,p2b\n|-supereffective|p2a: Kyogre\n|-supereffective|p2b: Landorus\n|-damage|p2a: Kyogre|85/100\n|-damage|p2b: Landorus|3/100\n|-unboost|p2a: Kyogre|spe|1\n|-unboost|p2b: Landorus|spe|1\n|move|p1b: Miraidon|Electro Drift|p2a: Kyogre\n|-resisted|p2a: Kyogre\n|-damage|p2a: Kyogre|54/100\n|move|p2a: Kyogre|Thunder|p1a: Iron Bundle\n|-supereffective|p1a: Iron Bundle\n|-enditem|p1a: Iron Bundle|Focus Sash\n|-damage|p1a: Iron Bundle|1/100\n|-status|p1a: Iron Bundle|par\n|move|p2b: Landorus|Sandsear Storm|p1a: Iron Bundle|[spread] p1a,p1b\n|-supereffective|p1b: Miraidon\n|-damage|p1a: Iron Bundle|0 fnt\n|-damage|p1b: Miraidon|0 fnt\n|faint|p1a: Iron Bundle\n|-end|p1a: Iron Bundle|Quark Drive|[silent]\n|faint|p1b: Miraidon\n|\n|win|j0l0k0\n|raw|kaiSSTX's rating: 1441 &rarr; <strong>1419</strong><br />(-22 for losing)\n|raw|j0l0k0's rating: 1413 &rarr; <strong>1435</strong><br />(+22 for winning)\n|l|\u2606j0l0k0\n|player|p2|\n|l|\u2606kaiSSTX\n|player|p1|\n","uploadtime":1771413597,"views":15,"formatid":"gen9vgc2026regi","rating":1419,"private":0,"password":null}