{"id":"gen9vgc2026regi-2564880877","format":"[Gen 9] VGC 2026 Reg I","players":["jyotsha","fernsthedruids"],"log":"|j|\u2606jyotsha\n|j|\u2606fernsthedruids\n|t:|1774206801\n|gametype|doubles\n|player|p1|jyotsha|265|1409\n|player|p2|fernsthedruids|170|1493\n|gen|9\n|tier|[Gen 9] VGC 2026 Reg I\n|rated|\n|rule|Species Clause: Limit one of each Pok\u00e9mon\n|rule|Item Clause: Limit 1 of each item\n|clearpoke\n|poke|p1|Zacian-*, L50|\n|poke|p1|Farigiraf, L50, F|\n|poke|p1|Kyogre, L50|\n|poke|p1|Incineroar, L50, M|\n|poke|p1|Kingambit, L50, F|\n|poke|p1|Flutter Mane, L50|\n|poke|p2|Kyogre, L50|\n|poke|p2|Calyrex-Ice, L50|\n|poke|p2|Raging Bolt, L50|\n|poke|p2|Tornadus, L50, M|\n|poke|p2|Incineroar, L50, M|\n|poke|p2|Amoonguss, L50, M|\n|teampreview|4\n|inactive|Battle timer is ON: inactive players will automatically lose when time's up. (requested by jyotsha)\n|inactive|jyotsha has 60 seconds left.\n|inactive|fernsthedruids has 60 seconds left.\n|\n|t:|1774206856\n|teamsize|p1|4\n|teamsize|p2|4\n|start\n|switch|p1a: Kyogre|Kyogre, L50|100/100\n|switch|p1b: Kingambit|Kingambit, L50, F|100/100\n|switch|p2a: Tornadus|Tornadus, L50, M|100/100\n|switch|p2b: Kyogre|Kyogre, L50|100/100\n|-weather|RainDance|[from] ability: Drizzle|[of] p2b: Kyogre\n|turn|1\n|\n|t:|1774206877\n|move|p2a: Tornadus|Tailwind|p2a: Tornadus\n|-sidestart|p2: fernsthedruids|move: Tailwind\n|move|p1b: Kingambit|Sucker Punch|p2b: Kyogre\n|-damage|p2b: Kyogre|55/100\n|move|p2b: Kyogre|Water Spout|p1a: Kyogre|[spread] p1a,p1b\n|-resisted|p1a: Kyogre\n|-damage|p1a: Kyogre|80/100\n|-damage|p1b: Kingambit|36/100\n|move|p1a: Kyogre|Origin Pulse|p2b: Kyogre|[spread] p2a,p2b\n|-resisted|p2b: Kyogre\n|-damage|p2a: Tornadus|13/100\n|-damage|p2b: Kyogre|29/100\n|\n|-weather|RainDance|[upkeep]\n|upkeep\n|turn|2\n|\n|t:|1774206898\n|switch|p2a: Amoonguss|Amoonguss, L50, M|100/100\n|move|p2b: Kyogre|Protect|p2b: Kyogre\n|-singleturn|p2b: Kyogre|Protect\n|move|p1b: Kingambit|Sucker Punch||[still]\n|-fail|p1b: Kingambit\n|move|p1a: Kyogre|Ice Beam|p2a: Amoonguss\n|-supereffective|p2a: Amoonguss\n|-damage|p2a: Amoonguss|46/100\n|-enditem|p2a: Amoonguss|Sitrus Berry|[eat]\n|-heal|p2a: Amoonguss|71/100|[from] item: Sitrus Berry\n|\n|-weather|RainDance|[upkeep]\n|upkeep\n|turn|3\n|inactive|fernsthedruids has 30 seconds left.\n|\n|t:|1774206927\n|move|p1b: Kingambit|Protect|p1b: Kingambit\n|-singleturn|p1b: Kingambit|Protect\n|move|p2a: Amoonguss|Rage Powder|p2a: Amoonguss\n|-singleturn|p2a: Amoonguss|move: Rage Powder\n|move|p2b: Kyogre|Origin Pulse|p1a: Kyogre|[spread] \n|-activate|p1b: Kingambit|move: Protect\n|-miss|p2b: Kyogre|p1a: Kyogre\n|move|p1a: Kyogre|Origin Pulse|p2a: Amoonguss|[spread] p2a,p2b\n|-resisted|p2a: Amoonguss\n|-resisted|p2b: Kyogre\n|-damage|p2a: Amoonguss|44/100\n|-damage|p2b: Kyogre|0 fnt\n|faint|p2b: Kyogre\n|\n|-weather|RainDance|[upkeep]\n|upkeep\n|\n|t:|1774206938\n|switch|p2b: Raging Bolt|Raging Bolt, L50|100/100\n|turn|4\n|inactive|jyotsha has 30 seconds left.\n|\n|t:|1774206965\n|-terastallize|p1a: Kyogre|Grass\n|move|p2b: Raging Bolt|Thunderbolt|p1a: Kyogre\n|-resisted|p1a: Kyogre\n|-damage|p1a: Kyogre|57/100\n|-damage|p2b: Raging Bolt|91/100|[from] item: Life Orb\n|move|p1a: Kyogre|Ice Beam|p2a: Amoonguss\n|-supereffective|p2a: Amoonguss\n|-damage|p2a: Amoonguss|0 fnt\n|faint|p2a: Amoonguss\n|move|p1b: Kingambit|Kowtow Cleave|p2b: Raging Bolt\n|-damage|p2b: Raging Bolt|44/100\n|\n|-weather|RainDance|[upkeep]\n|-sideend|p2: fernsthedruids|move: Tailwind\n|upkeep\n|-message|fernsthedruids forfeited.\n|\n|win|jyotsha\n|raw|jyotsha's rating: 1409 &rarr; <strong>1434</strong><br />(+25 for winning)\n|raw|fernsthedruids's rating: 1493 &rarr; <strong>1468</strong><br />(-25 for losing)\n|l|\u2606fernsthedruids\n|player|p2|\n|l|\u2606jyotsha\n|player|p1|\n","uploadtime":1774206975,"views":11,"formatid":"gen9vgc2026regi","rating":1434,"private":0,"password":null}