{"id":"gen9vgc2026regi-2555868614","format":"[Gen 9] VGC 2026 Reg I","players":["chiimaera","fogdocker"],"log":"|j|\u2606chiimaera\n|j|\u2606fogdocker\n|t:|1773146939\n|gametype|doubles\n|player|p1|chiimaera|lyra|1218\n|player|p2|fogdocker|169|1475\n|gen|9\n|tier|[Gen 9] VGC 2026 Reg I\n|rated|\n|rule|Species Clause: Limit one of each Pok\u00e9mon\n|rule|Item Clause: Limit 1 of each item\n|clearpoke\n|poke|p1|Miraidon, L50|\n|poke|p1|Ho-Oh, L50|\n|poke|p1|Incineroar, L50, M|\n|poke|p1|Wo-Chien, L50|\n|poke|p1|Toxapex, L50, M|\n|poke|p1|Sylveon, L50, F|\n|poke|p2|Calyrex-Ice, L50|\n|poke|p2|Koraidon, L50|\n|poke|p2|Flutter Mane, L50|\n|poke|p2|Incineroar, L50, F|\n|poke|p2|Rillaboom, L50, F|\n|poke|p2|Annihilape, L50, F|\n|teampreview|4\n|\n|t:|1773146986\n|teamsize|p1|4\n|teamsize|p2|4\n|start\n|switch|p1a: Wo-Chien|Wo-Chien, L50|100/100\n|switch|p1b: Ho-Oh|Ho-Oh, L50|100/100\n|switch|p2a: Calyrex|Calyrex-Ice, L50|100/100\n|switch|p2b: Annihilape|Annihilape, L50, F|100/100\n|-ability|p2a: Calyrex|As One\n|-ability|p2a: Calyrex|Unnerve\n|-ability|p1a: Wo-Chien|Tablets of Ruin\n|turn|1\n|\n|t:|1773147009\n|move|p1a: Wo-Chien|Protect|p1a: Wo-Chien\n|-singleturn|p1a: Wo-Chien|Protect\n|move|p2b: Annihilape|Final Gambit|p1b: Ho-Oh\n|-damage|p1b: Ho-Oh|0 fnt\n|faint|p2b: Annihilape\n|faint|p1b: Ho-Oh\n|move|p2a: Calyrex|Glacial Lance|p1a: Wo-Chien\n|-activate|p1a: Wo-Chien|move: Protect\n|\n|upkeep\n|\n|t:|1773147018\n|switch|p2b: Incineroar|Incineroar, L50, F|100/100\n|switch|p1b: Incineroar|Incineroar, L50, M|100/100\n|-ability|p1b: Incineroar|Intimidate|boost\n|-unboost|p2a: Calyrex|atk|1\n|-unboost|p2b: Incineroar|atk|1\n|-ability|p2b: Incineroar|Intimidate|boost\n|-unboost|p1a: Wo-Chien|atk|1\n|-unboost|p1b: Incineroar|atk|1\n|turn|2\n|\n|t:|1773147029\n|switch|p1a: Toxapex|Toxapex, L50, M|100/100\n|switch|p2a: Koraidon|Koraidon, L50|100/100\n|-weather|SunnyDay|[from] ability: Orichalcum Pulse|[of] p2a: Koraidon\n|-activate|p2a: Koraidon|Orichalcum Pulse|[source]\n|move|p2b: Incineroar|Fake Out|p1a: Toxapex\n|-damage|p1a: Toxapex|95/100\n|move|p1b: Incineroar|Will-O-Wisp|p2a: Koraidon|[miss]\n|-miss|p1b: Incineroar|p2a: Koraidon\n|\n|-weather|SunnyDay|[upkeep]\n|-heal|p1a: Toxapex|100/100|[from] item: Black Sludge\n|upkeep\n|turn|3\n|\n|t:|1773147052\n|switch|p1a: Wo-Chien|Wo-Chien, L50|100/100\n|-ability|p1a: Wo-Chien|Tablets of Ruin\n|-terastallize|p2a: Koraidon|Fire\n|move|p2a: Koraidon|Close Combat|p1b: Incineroar\n|-supereffective|p1b: Incineroar\n|-damage|p1b: Incineroar|0 fnt\n|-unboost|p2a: Koraidon|def|1\n|-unboost|p2a: Koraidon|spd|1\n|faint|p1b: Incineroar\n|-damage|p2a: Koraidon|91/100|[from] item: Life Orb\n|move|p2b: Incineroar|Parting Shot|p1a: Wo-Chien\n|-unboost|p1a: Wo-Chien|atk|1\n|-unboost|p1a: Wo-Chien|spa|1\n|\n|t:|1773147057\n|switch|p2b: Calyrex|Calyrex-Ice, L50|100/100|[from] Parting Shot\n|-ability|p2b: Calyrex|As One\n|-ability|p2b: Calyrex|Unnerve\n|\n|-weather|SunnyDay|[upkeep]\n|upkeep\n|-message|chiimaera forfeited.\n|\n|win|fogdocker\n|raw|chiimaera's rating: 1218 &rarr; <strong>1209</strong><br />(-9 for losing)\n|raw|fogdocker's rating: 1475 &rarr; <strong>1482</strong><br />(+7 for winning)\n|l|\u2606chiimaera\n|player|p1|\n|l|\u2606fogdocker\n|player|p2|\n","uploadtime":1773147283,"views":12,"formatid":"gen9vgc2026regi","rating":1209,"private":0,"password":null}