{"id":"gen9vgc2026regi-2565790506","format":"[Gen 9] VGC 2026 Reg I","players":["bum 6","SeaWolfMikes"],"log":"|j|\u2606bum 6\n|j|\u2606SeaWolfMikes\n|t:|1774304568\n|gametype|doubles\n|player|p1|bum 6|265|\n|player|p2|SeaWolfMikes|ryuki|\n|gen|9\n|tier|[Gen 9] VGC 2026 Reg I\n|rated|Tournament battle\n|rule|Species Clause: Limit one of each Pok\u00e9mon\n|rule|Item Clause: Limit 1 of each item\n|raw|<div class=\"infobox\"><details class=\"readmore\" open><summary><strong>3 custom rules:</strong></summary> Open Team Sheets, Force Open Team Sheets, !Open Team Sheets</details></div>\n|clearpoke\n|poke|p1|Zamazenta-*, L50|\n|poke|p1|Calyrex-Shadow, L50|\n|poke|p1|Tornadus, L50, M|\n|poke|p1|Rillaboom, L50, F|\n|poke|p1|Incineroar, L50, M|\n|poke|p1|Urshifu-*, L50, F|\n|poke|p2|Whimsicott, L50, M|\n|poke|p2|Miraidon, L50|\n|poke|p2|Lunala, L50|\n|poke|p2|Incineroar, L50, F|\n|poke|p2|Urshifu-*, L50, F|\n|poke|p2|Ursaluna, L50, M|\n|teampreview|4\n|showteam|p1|Zamazenta-Crowned||RustedShield|DauntlessShield|BodyPress,WideGuard,Protect,HeavySlam||||||50|,,,,,Dragon]Calyrex-Shadow||FocusSash|AsOneSpectrier|NastyPlot,AstralBarrage,Protect,Psychic||||||50|,,,,,Ghost]Tornadus||CovertCloak|Prankster|Tailwind,BleakwindStorm,Taunt,Protect|||M|||50|,,,,,Dark]Rillaboom||AssaultVest|GrassySurge|GrassyGlide,Uturn,FakeOut,WoodHammer|||F|||50|,,,,,Fire]Incineroar||SafetyGoggles|Intimidate|FakeOut,KnockOff,FlareBlitz,PartingShot|||M|||50|,,,,,Bug]Urshifu-Rapid-Strike||ChoiceScarf|UnseenFist|SurgingStrikes,CloseCombat,AquaJet,Uturn|||F|||50|,,,,,Water\n|showteam|p2|Whimsicott||CovertCloak|Prankster|Moonblast,Tailwind,Encore,LightScreen|||M|||50|,,,,,Water]Miraidon||LifeOrb|HadronEngine|ElectroDrift,VoltSwitch,DracoMeteor,Protect||||||50|,,,,,Electric]Lunala||ElectricSeed|ShadowShield|MoongeistBeam,Moonblast,WideGuard,TrickRoom||||||50|,,,,,Fairy]Incineroar||AssaultVest|Intimidate|FlareBlitz,KnockOff,Uturn,FakeOut|||F|||50|,,,,,Bug]Urshifu-Rapid-Strike||FocusSash|UnseenFist|SurgingStrikes,CloseCombat,AquaJet,Detect|||F|||50|,,,,,Stellar]Ursaluna||FlameOrb|Guts|Facade,HeadlongRush,Earthquake,Protect|||M|||50|,,,,,Ghost\n|inactive|Battle timer is ON: inactive players will automatically lose when time's up. (requested by bum 6)\n|j| A Regu1ar Guy\n|j| Noobilio\n|j| ray_on_1248_\n|c|\u2606bum 6|glhf\n|j| Ursaqueen\n|j| Bmansp\n|c|\u2606bum 6|finals\n|j| monkeychese\n|l| monkeychese\n|c|\u2606SeaWolfMikes|u2\n|l| Ursaqueen\n|c|\u2606bum 6|u3\n|j|@Radio Free C-Side\n|j| Carrielis\n|j|+ToastNoButter\n|inactive|bum 6 has 60 seconds left.\n|j| Meriwis\n|\n|t:|1774304610\n|teamsize|p1|4\n|teamsize|p2|4\n|start\n|switch|p1a: Calyrex|Calyrex-Shadow, L50|100/100\n|switch|p1b: Tornadus|Tornadus, L50, M|100/100\n|switch|p2a: Miraidon|Miraidon, L50|100/100\n|switch|p2b: Lunala|Lunala, L50|100/100\n|-ability|p1a: Calyrex|As One\n|-ability|p1a: Calyrex|Unnerve\n|-fieldstart|move: Electric Terrain|[from] ability: Hadron Engine|[of] p2a: Miraidon\n|-enditem|p2b: Lunala|Electric Seed\n|-boost|p2b: Lunala|def|1|[from] item: Electric Seed\n|turn|1\n|l|@Radio Free C-Side\n|l| Meriwis\n|j| Red Fang X\n|\n|t:|1774304633\n|-terastallize|p2b: Lunala|Fairy\n|move|p1b: Tornadus|Taunt|p2b: Lunala\n|-start|p2b: Lunala|move: Taunt\n|move|p1a: Calyrex|Astral Barrage|p2a: Miraidon|[spread] p2a,p2b\n|-damage|p2a: Miraidon|46/100\n|-damage|p2b: Lunala|80/100\n|move|p2a: Miraidon|Volt Switch|p1a: Calyrex\n|-damage|p1a: Calyrex|11/100\n|-damage|p2a: Miraidon|36/100|[from] item: Life Orb\n|j| drifterking40\n|\n|t:|1774304639\n|switch|p2a: Ursaluna|Ursaluna, L50, M|100/100|[from] Volt Switch\n|move|p2b: Lunala|Moongeist Beam|p1a: Calyrex\n|-supereffective|p1a: Calyrex\n|-damage|p1a: Calyrex|0 fnt\n|faint|p1a: Calyrex\n|\n|-status|p2a: Ursaluna|brn|[from] item: Flame Orb\n|upkeep\n|j| cristian25\n|j| caZISA\n|\n|t:|1774304654\n|switch|p1a: Zamazenta|Zamazenta-Crowned, L50|100/100\n|-ability|p1a: Zamazenta|Dauntless Shield|boost\n|-boost|p1a: Zamazenta|def|1\n|turn|2\n|\n|t:|1774304672\n|switch|p2b: Incineroar|Incineroar, L50, F|100/100\n|-ability|p2b: Incineroar|Intimidate|boost\n|-unboost|p1a: Zamazenta|atk|1\n|-unboost|p1b: Tornadus|atk|1\n|move|p2a: Ursaluna|Protect|p2a: Ursaluna\n|-singleturn|p2a: Ursaluna|Protect\n|move|p1b: Tornadus|Bleakwind Storm|p2b: Incineroar|[spread] p2b\n|-activate|p2a: Ursaluna|move: Protect\n|-damage|p2b: Incineroar|81/100\n|move|p1a: Zamazenta|Heavy Slam|p2b: Incineroar\n|-resisted|p2b: Incineroar\n|-damage|p2b: Incineroar|69/100\n|\n|-damage|p2a: Ursaluna|95/100 brn|[from] brn\n|upkeep\n|turn|3\n|\n|t:|1774304685\n|move|p2b: Incineroar|Fake Out|p1a: Zamazenta\n|-resisted|p1a: Zamazenta\n|-damage|p1a: Zamazenta|98/100\n|move|p1b: Tornadus|Bleakwind Storm|p2a: Ursaluna|[spread] p2a,p2b\n|-damage|p2a: Ursaluna|65/100 brn\n|-damage|p2b: Incineroar|49/100\n|-unboost|p2b: Incineroar|spe|1\n|cant|p1a: Zamazenta|flinch\n|move|p2a: Ursaluna|Facade|p1b: Tornadus\n|-damage|p1b: Tornadus|0 fnt\n|faint|p1b: Tornadus\n|\n|-damage|p2a: Ursaluna|60/100 brn|[from] brn\n|upkeep\n|\n|t:|1774304691\n|switch|p1b: Rillaboom|Rillaboom, L50, F|100/100\n|-fieldstart|move: Grassy Terrain|[from] ability: Grassy Surge|[of] p1b: Rillaboom\n|turn|4\n|l| A Regu1ar Guy\n|inactive|SeaWolfMikes has 30 seconds left.\n|\n|t:|1774304717\n|switch|p2a: Miraidon|Miraidon, L50|36/100\n|-fieldstart|move: Electric Terrain|[from] ability: Hadron Engine|[of] p2a: Miraidon\n|move|p1a: Zamazenta|Body Press|p2b: Incineroar\n|-supereffective|p2b: Incineroar\n|-damage|p2b: Incineroar|0 fnt\n|faint|p2b: Incineroar\n|move|p1b: Rillaboom|Wood Hammer|p2a: Miraidon\n|-resisted|p2a: Miraidon\n|-crit|p2a: Miraidon\n|-damage|p2a: Miraidon|0 fnt\n|faint|p2a: Miraidon\n|-damage|p1b: Rillaboom|90/100|[from] Recoil\n|\n|upkeep\n|\n|t:|1774304724\n|switch|p2a: Ursaluna|Ursaluna, L50, M|60/100 brn\n|switch|p2b: Lunala|Lunala, L50, tera:Fairy|80/100\n|turn|5\n|c|\u2606bum 6|holy crit\n|j| aurora ltd\n|\n|t:|1774304742\n|move|p1a: Zamazenta|Heavy Slam|p2b: Lunala\n|-supereffective|p2b: Lunala\n|-damage|p2b: Lunala|31/100\n|move|p1b: Rillaboom|Wood Hammer|p2a: Ursaluna\n|-supereffective|p2a: Ursaluna\n|-damage|p2a: Ursaluna|0 fnt\n|faint|p2a: Ursaluna\n|-damage|p1b: Rillaboom|68/100|[from] Recoil\n|move|p2b: Lunala|Trick Room|p2b: Lunala\n|-fieldstart|move: Trick Room|[of] p2b: Lunala\n|\n|upkeep\n|turn|6\n|-message|SeaWolfMikes forfeited.\n|\n|win|bum 6\n|n|\u2606bum 6|bum6\n|n|\u2606SeaWolfMikes|seawolfmikes\n|n| Noobilio|noobilio\n|n| ray_on_1248_|rayon1248\n|n| Bmansp|bmansp\n|n| Carrielis|carrielis\n|n| ToastNoButter|toastnobutter\n|n| Red Fang X|redfangx\n|n| drifterking40|drifterking40\n|n| cristian25|cristian25\n|n| caZISA|cazisa\n|n| aurora ltd|auroraltd\n|l|\u2606SeaWolfMikes\n|player|p2|\n|l| Carrielis\n|j| sgrace\n|l| drifterking40\n|l| Red Fang X\n|j| A Regu1ar Guy\n|l| Noobilio\n|l| A Regu1ar Guy\n","uploadtime":1774304747,"views":24,"formatid":"gen9vgc2026regi","rating":null,"private":0,"password":null}