{"id":"gen9vgc2026regi-2548266730","format":"[Gen 9] VGC 2026 Reg I","players":["kyotgst","partigiano jonny"],"log":"|j|\u2606kyotgst\n|j|\u2606partigiano jonny\n|t:|1772196384\n|gametype|doubles\n|player|p1|kyotgst|lucas|1084\n|player|p2|partigiano jonny|volkner|1141\n|gen|9\n|tier|[Gen 9] VGC 2026 Reg I\n|rated|\n|rule|Species Clause: Limit one of each Pok\u00e9mon\n|rule|Item Clause: Limit 1 of each item\n|clearpoke\n|poke|p1|Calyrex-Shadow, L50|\n|poke|p1|Koraidon, L50|\n|poke|p1|Incineroar, L50, F|\n|poke|p1|Raging Bolt, L50|\n|poke|p1|Brute Bonnet, L50|\n|poke|p1|Landorus, L50, M|\n|poke|p2|Miraidon, L50|\n|poke|p2|Lunala, L50|\n|poke|p2|Incineroar, L50, M|\n|poke|p2|Ursaluna, L50, M|\n|poke|p2|Urshifu-*, L50, M|\n|poke|p2|Whimsicott, L50, M|\n|teampreview|4\n|inactive|Battle timer is ON: inactive players will automatically lose when time's up. (requested by partigiano jonny)\n|inactive|kyotgst has 60 seconds left.\n|inactive|partigiano jonny has 60 seconds left.\n|\n|t:|1772196448\n|teamsize|p1|4\n|teamsize|p2|4\n|start\n|switch|p1a: Calyrex|Calyrex-Shadow, L50|100/100\n|switch|p1b: Raging Bolt|Raging Bolt, L50|100/100\n|switch|p2a: Miraidon|Miraidon, L50|100/100\n|switch|p2b: Whimsicott|Whimsicott, L50, M|100/100\n|-ability|p1a: Calyrex|As One\n|-ability|p1a: Calyrex|Unnerve\n|-fieldstart|move: Electric Terrain|[from] ability: Hadron Engine|[of] p2a: Miraidon\n|turn|1\n|\n|t:|1772196470\n|-terastallize|p2a: Miraidon|Fairy\n|move|p2b: Whimsicott|Light Screen|p2b: Whimsicott\n|-sidestart|p2: partigiano jonny|move: Light Screen\n|move|p1a: Calyrex|Astral Barrage|p2b: Whimsicott|[spread] p2a,p2b\n|-damage|p2a: Miraidon|67/100\n|-damage|p2b: Whimsicott|67/100\n|move|p2a: Miraidon|Dazzling Gleam|p1a: Calyrex|[spread] p1a,p1b\n|-supereffective|p1b: Raging Bolt\n|-damage|p1a: Calyrex|26/100\n|-damage|p1b: Raging Bolt|17/100\n|move|p1b: Raging Bolt|Volt Switch|p2b: Whimsicott\n|-resisted|p2b: Whimsicott\n|-damage|p2b: Whimsicott|50/100\n|\n|t:|1772196484\n|-end|p1b: Raging Bolt|Protosynthesis|[silent]\n|switch|p1b: Landorus|Landorus, L50, M|100/100|[from] Volt Switch\n|\n|upkeep\n|turn|2\n|\n|t:|1772196497\n|move|p1a: Calyrex|Protect|p1a: Calyrex\n|-singleturn|p1a: Calyrex|Protect\n|move|p2b: Whimsicott|Tailwind|p2b: Whimsicott\n|-sidestart|p2: partigiano jonny|move: Tailwind\n|move|p2a: Miraidon|Dazzling Gleam|p1a: Calyrex|[spread] p1b\n|-activate|p1a: Calyrex|move: Protect\n|-damage|p1b: Landorus|35/100\n|move|p1b: Landorus|Sludge Bomb|p2a: Miraidon\n|-supereffective|p2a: Miraidon\n|-damage|p2a: Miraidon|15/100\n|\n|upkeep\n|turn|3\n|-message|kyotgst forfeited.\n|\n|win|partigiano jonny\n|raw|kyotgst's rating: 1084 &rarr; <strong>1065</strong><br />(-19 for losing)\n|raw|partigiano jonny's rating: 1141 &rarr; <strong>1162</strong><br />(+21 for winning)\n","uploadtime":1772196502,"views":14,"formatid":"gen9vgc2026regi","rating":1065,"private":0,"password":null}