{"id":"gen9vgc2026regi-2577242484","format":"[Gen 9] VGC 2026 Reg I","players":["shecallmedada","OpenTeamPlz"],"log":"|j|\u2606shecallmedada\n|j|\u2606OpenTeamPlz\n|t:|1775558485\n|gametype|doubles\n|player|p1|shecallmedada|burglar-gen1rb|1493\n|player|p2|OpenTeamPlz|265|1464\n|gen|9\n|tier|[Gen 9] VGC 2026 Reg I\n|rated|\n|rule|Species Clause: Limit one of each Pok\u00e9mon\n|rule|Item Clause: Limit 1 of each item\n|clearpoke\n|poke|p1|Terapagos, L50, M|\n|poke|p1|Ho-Oh, L50|\n|poke|p1|Urshifu-*, L50, M|\n|poke|p1|Incineroar, L50, F|\n|poke|p1|Sinistcha, L50|\n|poke|p1|Thundurus, L50, M|\n|poke|p2|Flutter Mane, L50|\n|poke|p2|Torkoal, L50, F|\n|poke|p2|Groudon, L50|\n|poke|p2|Lapras, L50, F|\n|poke|p2|Miraidon, L50|\n|poke|p2|Urshifu-*, L50, F|\n|teampreview|4\n|inactive|Battle timer is ON: inactive players will automatically lose when time's up. (requested by OpenTeamPlz)\nOpenTeamPlz has agreed to open team sheets.\n|inactive|shecallmedada has 60 seconds left.\n|\n|t:|1775558523\n|teamsize|p1|4\n|teamsize|p2|4\n|start\n|switch|p1a: Terapagos|Terapagos, L50, M|100/100\n|switch|p1b: Incineroar|Incineroar, L50, F|100/100\n|switch|p2a: Focus_Sash|Flutter Mane, L50|100/100\n|switch|p2b: Leftovers|Torkoal, L50, F, shiny|100/100\n|-activate|p1a: Terapagos|ability: Tera Shift\n|detailschange|p1a: Terapagos|Terapagos-Terastal, L50, M\n|-heal|p1a: Terapagos|100/100|[silent]\n|-ability|p1b: Incineroar|Intimidate|boost\n|-unboost|p2a: Focus_Sash|atk|1\n|-unboost|p2b: Leftovers|atk|1\n|-weather|SunnyDay|[from] ability: Drought|[of] p2b: Leftovers\n|-activate|p2a: Focus_Sash|ability: Protosynthesis\n|-start|p2a: Focus_Sash|protosynthesisspa\n|turn|1\n|\n|t:|1775558537\n|move|p2a: Focus_Sash|Dazzling Gleam|p1b: Incineroar|[spread] p1a,p1b\n|-activate|p1a: Terapagos|ability: Tera Shell\n|-resisted|p1a: Terapagos\n|-damage|p1a: Terapagos|83/100\n|-damage|p1b: Incineroar|75/100\n|move|p1a: Terapagos|Calm Mind|p1a: Terapagos\n|-boost|p1a: Terapagos|spa|1\n|-boost|p1a: Terapagos|spd|1\n|move|p1b: Incineroar|Flare Blitz|p2a: Focus_Sash\n|-enditem|p2a: Focus_Sash|Focus Sash\n|-damage|p2a: Focus_Sash|1/100\n|-damage|p1b: Incineroar|54/100|[from] Recoil\n|move|p2b: Leftovers|Fissure|p1a: Terapagos\n|-damage|p1a: Terapagos|0 fnt\n|faint|p1a: Terapagos\n|-ohko\n|\n|-weather|SunnyDay|[upkeep]\n|upkeep\n|-message|shecallmedada forfeited.\n|\n|win|OpenTeamPlz\n|raw|shecallmedada's rating: 1493 &rarr; <strong>1471</strong><br />(-22 for losing)\n|raw|OpenTeamPlz's rating: 1464 &rarr; <strong>1486</strong><br />(+22 for winning)\n|l|\u2606shecallmedada\n|player|p1|\n","uploadtime":1775558558,"views":11,"formatid":"gen9vgc2026regi","rating":1471,"private":0,"password":null}