{"id":"gen9vgc2026regi-2554915022","format":"[Gen 9] VGC 2026 Reg I","players":["ArisHazard","Shuriky"],"log":"|j|\u2606ArisHazard\n|j|\u2606Shuriky\n|t:|1773027070\n|gametype|doubles\n|player|p1|ArisHazard|102|1318\n|player|p2|Shuriky|skierf|1357\n|gen|9\n|tier|[Gen 9] VGC 2026 Reg I\n|rated|\n|rule|Species Clause: Limit one of each Pok\u00e9mon\n|rule|Item Clause: Limit 1 of each item\n|clearpoke\n|poke|p1|Calyrex-Ice, L50|\n|poke|p1|Urshifu-*, L50, F|\n|poke|p1|Miraidon, L50|\n|poke|p1|Ogerpon-Wellspring, L50, F|\n|poke|p1|Chandelure, L50, F|\n|poke|p1|Tornadus, L50, M|\n|poke|p2|Miraidon, L50|\n|poke|p2|Kyogre, L50|\n|poke|p2|Whimsicott, L50, F|\n|poke|p2|Clefairy, L50, M|\n|poke|p2|Iron Treads, L50|\n|poke|p2|Baxcalibur, L50, M|\n|teampreview|4\n|inactive|Battle timer is ON: inactive players will automatically lose when time's up. (requested by ArisHazard)\n|\n|t:|1773027100\n|teamsize|p1|4\n|teamsize|p2|4\n|start\n|switch|p1a: Urshifu|Urshifu-Rapid-Strike, L50, F|100/100\n|switch|p1b: Calyrex|Calyrex-Ice, L50|100/100\n|switch|p2a: Larry|Miraidon, L50|100/100\n|switch|p2b: Trollsicott|Whimsicott, L50, F, shiny|100/100\n|-ability|p1b: Calyrex|As One\n|-ability|p1b: Calyrex|Unnerve\n|-fieldstart|move: Electric Terrain|[from] ability: Hadron Engine|[of] p2a: Larry\n|turn|1\n|\n|t:|1773027115\n|switch|p1a: Miraidon|Miraidon, L50|100/100\n|-activate|p1a: Miraidon|ability: Hadron Engine\n|move|p2b: Trollsicott|Tailwind|p2b: Trollsicott\n|-sidestart|p2: Shuriky|move: Tailwind\n|move|p2a: Larry|Electro Drift|p1a: Miraidon\n|-resisted|p1a: Miraidon\n|-damage|p1a: Miraidon|81/100\n|-damage|p2a: Larry|91/100|[from] item: Life Orb\n|move|p1b: Calyrex|Trick Room|p1b: Calyrex\n|-fieldstart|move: Trick Room|[of] p1b: Calyrex\n|\n|upkeep\n|turn|2\n|\n|t:|1773027136\n|switch|p1b: Urshifu|Urshifu-Rapid-Strike, L50, F|100/100\n|move|p2a: Larry|Protect|p2a: Larry\n|-singleturn|p2a: Larry|Protect\n|move|p2b: Trollsicott|Encore||[still]\n|-fail|p2b: Trollsicott\n|move|p1a: Miraidon|Volt Switch|p2b: Trollsicott\n|-resisted|p2b: Trollsicott\n|-damage|p2b: Trollsicott|42/100\n|\n|t:|1773027147\n|switch|p1a: Calyrex|Calyrex-Ice, L50|100/100|[from] Volt Switch\n|-ability|p1a: Calyrex|As One\n|-ability|p1a: Calyrex|Unnerve\n|\n|upkeep\n|turn|3\n|\n|t:|1773027173\n|-terastallize|p2a: Larry|Fairy\n|move|p1a: Calyrex|Glacial Lance|p2b: Trollsicott|[spread] p2a,p2b\n|-supereffective|p2b: Trollsicott\n|-damage|p2a: Larry|37/100\n|-damage|p2b: Trollsicott|0 fnt\n|faint|p2b: Trollsicott\n|-ability|p1a: Calyrex|Chilling Neigh|boost\n|-boost|p1a: Calyrex|atk|1\n|move|p1b: Urshifu|Close Combat|p2a: Larry\n|-resisted|p2a: Larry\n|-damage|p2a: Larry|8/100\n|-unboost|p1b: Urshifu|def|1\n|-unboost|p1b: Urshifu|spd|1\n|move|p2a: Larry|Dazzling Gleam|p1b: Urshifu|[spread] p1a,p1b\n|-supereffective|p1b: Urshifu\n|-damage|p1a: Calyrex|62/100\n|-enditem|p1b: Urshifu|Focus Sash\n|-damage|p1b: Urshifu|1/100\n|-damage|p2a: Larry|0 fnt|[from] item: Life Orb\n|faint|p2a: Larry\n|\n|upkeep\n|\n|t:|1773027188\n|switch|p2a: Fih|Kyogre, L50, shiny|100/100\n|switch|p2b: Address me|Iron Treads, L50|100/100\n|-weather|RainDance|[from] ability: Drizzle|[of] p2a: Fih\n|-activate|p2b: Address me|ability: Quark Drive\n|-start|p2b: Address me|quarkdrivespe\n|turn|4\n|\n|t:|1773027203\n|move|p1a: Calyrex|Glacial Lance|p2b: Address me|[spread] p2a,p2b\n|-resisted|p2a: Fih\n|-crit|p2b: Address me\n|-damage|p2a: Fih|62/100\n|-damage|p2b: Address me|0 fnt\n|faint|p2b: Address me\n|-end|p2b: Address me|Quark Drive|[silent]\n|-ability|p1a: Calyrex|Chilling Neigh|boost\n|-boost|p1a: Calyrex|atk|1\n|move|p1b: Urshifu|Surging Strikes|p2a: Fih\n|-resisted|p2a: Fih\n|-crit|p2a: Fih\n|-damage|p2a: Fih|48/100\n|-resisted|p2a: Fih\n|-crit|p2a: Fih\n|-damage|p2a: Fih|33/100\n|-resisted|p2a: Fih\n|-crit|p2a: Fih\n|-damage|p2a: Fih|17/100\n|-hitcount|p2a: Fih|3\n|move|p2a: Fih|Origin Pulse|p1b: Urshifu|[spread] p1a,p1b\n|-resisted|p1b: Urshifu\n|-damage|p1a: Calyrex|6/100\n|-damage|p1b: Urshifu|0 fnt\n|faint|p1b: Urshifu\n|\n|-weather|RainDance|[upkeep]\n|-sideend|p2: Shuriky|move: Tailwind\n|upkeep\n|-message|Shuriky forfeited.\n|\n|win|ArisHazard\n|raw|ArisHazard's rating: 1318 &rarr; <strong>1340</strong><br />(+22 for winning)\n|raw|Shuriky's rating: 1357 &rarr; <strong>1335</strong><br />(-22 for losing)\n|l|\u2606Shuriky\n|player|p2|\n|l|\u2606ArisHazard\n|player|p1|\n","uploadtime":1773027472,"views":12,"formatid":"gen9vgc2026regi","rating":1335,"private":0,"password":null}