{"id":"gen9vgc2026regi-2560096907","format":"[Gen 9] VGC 2026 Reg I","players":["Sir AaronVGC","benniovyalt"],"log":"|j|\u2606Sir AaronVGC\n|j|\u203dbenniovyalt\n|html|<table width=\"100%\"><tr><td align=\"left\">Sir AaronVGC</td><td align=\"right\">benniovyalt</tr><tr><td align=\"left\"><i class=\"fa fa-circle-o\"></i> <i class=\"fa fa-circle-o\"></i> </td><td align=\"right\"><i class=\"fa fa-circle-o\"></i> <i class=\"fa fa-circle-o\"></i> </tr></table>\n|uhtml|bestof|<h2><strong>Game 1</strong> of <a href=\"/game-bestof3-gen9vgc2026regi-2560096906\">a best-of-3</a></h2>\n|t:|1773651221\n|gametype|doubles\n|player|p1|Sir AaronVGC|spark|\n|player|p2|benniovyalt|102|\n|gen|9\n|tier|[Gen 9] VGC 2026 Reg I\n|rated|Tournament battle\n|rule|Species Clause: Limit one of each Pok\u00e9mon\n|rule|Item Clause: Limit 1 of each item\n|raw|<div class=\"infobox\"><details class=\"readmore\" open><summary><strong>4 custom rules:</strong></summary> Open Team Sheets, Force Open Team Sheets, !Open Team Sheets, Best of = 3</details></div>\n|clearpoke\n|poke|p1|Grimmsnarl, L50, M|\n|poke|p1|Calyrex-Ice, L50|\n|poke|p1|Miraidon, L50|\n|poke|p1|Volcarona, L50, F|\n|poke|p1|Ditto, L50|\n|poke|p1|Iron Hands, L50|\n|poke|p2|Calyrex-Shadow, L50|\n|poke|p2|Koraidon, L50|\n|poke|p2|Scovillain, L50, F|\n|poke|p2|Incineroar, L50, M|\n|poke|p2|Landorus, L50, M|\n|poke|p2|Raging Bolt, L50|\n|teampreview|4\n|showteam|p1|Grimmsnarl||LightClay|Prankster|SpiritBreak,ThunderWave,Reflect,LightScreen|||M|||50|,,,,,Ghost]Calyrex-Ice||ClearAmulet|AsOneGlastrier|GlacialLance,HighHorsepower,TrickRoom,Protect||||||50|,,,,,Fire]Miraidon||ZapPlate|HadronEngine|ElectroDrift,DracoMeteor,VoltSwitch,Protect||||||50|,,,,,Electric]Volcarona||ElectricSeed|FlameBody|FieryDance,GigaDrain,QuiverDance,Protect|||F|||50|,,,,,Grass]Ditto||FocusSash|Imposter|Transform||||||50|,,,,,Normal]Iron Hands||AssaultVest|QuarkDrive|WildCharge,DrainPunch,LowKick,FakeOut||||||50|,,,,,Water\n|showteam|p2|Calyrex-Shadow||FocusSash|AsOneSpectrier|AstralBarrage,Psychic,Encore,Protect||||||50|,,,,,Ghost]Koraidon||ClearAmulet|OrichalcumPulse|FlareBlitz,FlameCharge,CloseCombat,Protect||||||50|,,,,,Fire]Scovillain||CovertCloak|Chlorophyll|Overheat,WillOWisp,SpicyExtract,RagePowder|||F|||50|,,,,,Water]Incineroar||SafetyGoggles|Intimidate|HelpingHand,KnockOff,PartingShot,FakeOut|||M|||50|,,,,,Grass]Landorus||LifeOrb|SheerForce|EarthPower,SandsearStorm,SludgeBomb,Protect|||M|||50|,,,,,Water]Raging Bolt||AssaultVest|Protosynthesis|Thunderclap,Electroweb,Snarl,DracoMeteor||||||50|,,,,,Bug\n|j| MlTTENS\n|j| Gerryjunior\n|j| HelpingAHomie\n|\n|t:|1773651261\n|teamsize|p1|4\n|teamsize|p2|4\n|start\n|switch|p1a: Jyggalag|Grimmsnarl, L50, M, shiny|100/100\n|switch|p1b: Coldhands|Calyrex-Ice, L50|100/100\n|switch|p2a: Calyrex|Calyrex-Shadow, L50|100/100\n|switch|p2b: Incineroar|Incineroar, L50, M|100/100\n|-ability|p2a: Calyrex|As One\n|-ability|p2a: Calyrex|Unnerve\n|-ability|p1b: Coldhands|As One\n|-ability|p1b: Coldhands|Unnerve\n|-ability|p2b: Incineroar|Intimidate|boost\n|-unboost|p1a: Jyggalag|atk|1\n|-fail|p1b: Coldhands|unboost|[from] item: Clear Amulet|[of] p1b: Coldhands\n|turn|1\n|j| ido1234567890\n|\n|t:|1773651280\n|-terastallize|p1b: Coldhands|Fire\n|move|p2b: Incineroar|Fake Out|p1b: Coldhands\n|-damage|p1b: Coldhands|94/100\n|move|p1a: Jyggalag|Light Screen|p1a: Jyggalag\n|-sidestart|p1: Sir AaronVGC|move: Light Screen\n|move|p2a: Calyrex|Encore|p1a: Jyggalag\n|-start|p1a: Jyggalag|Encore\n|cant|p1b: Coldhands|flinch\n|\n|upkeep\n|turn|2\n|j| shoccco\u2764\n|\n|t:|1773651295\n|switch|p1a: New Bike|Miraidon, L50|100/100\n|-fieldstart|move: Electric Terrain|[from] ability: Hadron Engine|[of] p1a: New Bike\n|move|p2a: Calyrex|Astral Barrage|p1b: Coldhands|[spread] p1a,p1b\n|-damage|p1a: New Bike|69/100\n|-damage|p1b: Coldhands|71/100\n|move|p2b: Incineroar|Knock Off|p1b: Coldhands\n|-damage|p1b: Coldhands|49/100\n|-enditem|p1b: Coldhands|Clear Amulet|[from] move: Knock Off|[of] p2b: Incineroar\n|move|p1b: Coldhands|Glacial Lance|p2a: Calyrex|[spread] p2a,p2b\n|-resisted|p2b: Incineroar\n|-damage|p2a: Calyrex|36/100\n|-damage|p2b: Incineroar|80/100\n|\n|upkeep\n|turn|3\n|j| gambitofking\n|\n|t:|1773651316\n|-terastallize|p2a: Calyrex|Ghost\n|move|p2b: Incineroar|Helping Hand|p2a: Calyrex\n|-singleturn|p2a: Calyrex|Helping Hand|[of] p2b: Incineroar\n|move|p2a: Calyrex|Astral Barrage|p1a: New Bike|[spread] p1a,p1b\n|-damage|p1a: New Bike|6/100\n|-damage|p1b: Coldhands|4/100\n|move|p1a: New Bike|Electro Drift|p2b: Incineroar\n|-damage|p2b: Incineroar|0 fnt\n|faint|p2b: Incineroar\n|move|p1b: Coldhands|Glacial Lance|p2a: Calyrex\n|-crit|p2a: Calyrex\n|-damage|p2a: Calyrex|0 fnt\n|faint|p2a: Calyrex\n|-ability|p1b: Coldhands|Chilling Neigh|boost\n|-boost|p1b: Coldhands|atk|1\n|\n|upkeep\n|\n|t:|1773651324\n|switch|p2a: Koraidon|Koraidon, L50|100/100\n|switch|p2b: Landorus|Landorus, L50, M|100/100\n|-weather|SunnyDay|[from] ability: Orichalcum Pulse|[of] p2a: Koraidon\n|-activate|p2a: Koraidon|Orichalcum Pulse|[source]\n|turn|4\n|\n|t:|1773651338\n|move|p2a: Koraidon|Flame Charge|p1a: New Bike\n|-resisted|p1a: New Bike\n|-damage|p1a: New Bike|0 fnt\n|-boost|p2a: Koraidon|spe|1\n|faint|p1a: New Bike\n|move|p2b: Landorus|Earth Power|p1b: Coldhands\n|-supereffective|p1b: Coldhands\n|-damage|p1b: Coldhands|0 fnt\n|faint|p1b: Coldhands\n|\n|-weather|SunnyDay|[upkeep]\n|upkeep\n|\n|t:|1773651345\n|switch|p1a: Primordial Soup|Ditto, L50, shiny|100/100\n|switch|p1b: Jyggalag|Grimmsnarl, L50, M, shiny|100/100\n|-transform|p1a: Primordial Soup|p2b: Landorus|[from] ability: Imposter\n|turn|5\n|c|\u2606Sir AaronVGC|misclick bruh\n|\n|t:|1773651367\n|move|p2a: Koraidon|Protect|p2a: Koraidon\n|-singleturn|p2a: Koraidon|Protect\n|move|p1a: Primordial Soup|Protect|p1a: Primordial Soup\n|-singleturn|p1a: Primordial Soup|Protect\n|move|p2b: Landorus|Sludge Bomb|p1b: Jyggalag\n|-supereffective|p1b: Jyggalag\n|-damage|p1b: Jyggalag|42/100\n|move|p1b: Jyggalag|Spirit Break|p2a: Koraidon\n|-activate|p2a: Koraidon|move: Protect\n|\n|-weather|SunnyDay|[upkeep]\n|upkeep\n|turn|6\n|-message|Sir AaronVGC forfeited.\n|\n|win|benniovyalt\n||Sir AaronVGC is ready for game 2.\n||benniovyalt is ready for game 2.\n|uhtml|next|Next: <a href=\"/battle-gen9vgc2026regi-2560097845\"><strong>Game 2 of 3</strong></a>\n|l| Gerryjunior\n|l| HelpingAHomie\n|l| MlTTENS\n|l| ido1234567890\n|j| ido1234567890\n|l| gambitofking\n|l| ido1234567890\n|l|\u203dbenniovyalt\n|player|p2|\n|j|\u2606BenniOVYalt\n|player|p2|BenniOVYalt|102|\n","uploadtime":1773651810,"views":10,"formatid":"gen9vgc2026regi","rating":null,"private":0,"password":null}