{"id":"gen9vgc2026regi-2543342962","format":"[Gen 9] VGC 2026 Reg I","players":["Rypassed You","SEITA"],"log":"|j|\u2606Rypassed You\n|j|\u2606SEITA\n|t:|1771557740\n|gametype|doubles\n|player|p1|Rypassed You|drayton|1577\n|player|p2|SEITA|lucas-gen4pt|1669\n|gen|9\n|tier|[Gen 9] VGC 2026 Reg I\n|rated|\n|rule|Species Clause: Limit one of each Pok\u00e9mon\n|rule|Item Clause: Limit 1 of each item\n|clearpoke\n|poke|p1|Kyogre, L50|\n|poke|p1|Miraidon, L50|\n|poke|p1|Tornadus, L50, M|\n|poke|p1|Iron Hands, L50|\n|poke|p1|Farigiraf, L50, F|\n|poke|p1|Urshifu-*, L50, M|\n|poke|p2|Zacian-*, L50|\n|poke|p2|Kyogre, L50|\n|poke|p2|Tornadus, L50, M|\n|poke|p2|Raging Bolt, L50|\n|poke|p2|Landorus, L50, M|\n|poke|p2|Chien-Pao, L50|\n|teampreview|4\n|inactive|Battle timer is ON: inactive players will automatically lose when time's up. (requested by Rypassed You)\n|inactive|SEITA has 60 seconds left.\n|\n|t:|1771557778\n|teamsize|p1|4\n|teamsize|p2|4\n|start\n|switch|p1a: \u30c8\u30eb\u30cd\u30ed\u30b9|Tornadus, L50, M|100/100\n|switch|p1b: Dhruva|Kyogre, L50|100/100\n|switch|p2a: Tornadus|Tornadus, L50, M|100/100\n|switch|p2b: Kyogre|Kyogre, L50|100/100\n|-weather|RainDance|[from] ability: Drizzle|[of] p1b: Dhruva\n|turn|1\n|\n|t:|1771557794\n|move|p2a: Tornadus|Protect|p2a: Tornadus\n|-singleturn|p2a: Tornadus|Protect\n|move|p1a: \u30c8\u30eb\u30cd\u30ed\u30b9|Taunt|p2a: Tornadus\n|-activate|p2a: Tornadus|move: Protect\n|move|p1b: Dhruva|Water Spout|p2a: Tornadus|[spread] p2b\n|-activate|p2a: Tornadus|move: Protect\n|-resisted|p2b: Kyogre\n|-damage|p2b: Kyogre|77/100\n|move|p2b: Kyogre|Thunder|p1b: Dhruva\n|-supereffective|p1b: Dhruva\n|-damage|p1b: Dhruva|32/100\n|-status|p1b: Dhruva|par\n|\n|-weather|RainDance|[upkeep]\n|upkeep\n|turn|2\n|inactive|SEITA has 30 seconds left.\n|\n|t:|1771557821\n|move|p1a: \u30c8\u30eb\u30cd\u30ed\u30b9|Taunt|p2a: Tornadus\n|-start|p2a: Tornadus|move: Taunt\n|-enditem|p2a: Tornadus|Mental Herb\n|-end|p2a: Tornadus|move: Taunt\n|move|p2a: Tornadus|Tailwind|p2a: Tornadus\n|-sidestart|p2: SEITA|move: Tailwind\n|move|p2b: Kyogre|Water Spout|p1a: \u30c8\u30eb\u30cd\u30ed\u30b9|[spread] p1a,p1b\n|-resisted|p1b: Dhruva\n|-enditem|p1a: \u30c8\u30eb\u30cd\u30ed\u30b9|Focus Sash\n|-damage|p1a: \u30c8\u30eb\u30cd\u30ed\u30b9|1/100\n|-damage|p1b: Dhruva|2/100 par\n|move|p1b: Dhruva|Origin Pulse|p2a: Tornadus|[spread] p2a,p2b\n|-resisted|p2b: Kyogre\n|-damage|p2a: Tornadus|12/100\n|-damage|p2b: Kyogre|58/100\n|\n|-weather|RainDance|[upkeep]\n|upkeep\n|turn|3\n|-message|Rypassed You forfeited.\n|\n|win|SEITA\n|raw|Rypassed You's rating: 1577 &rarr; <strong>1562</strong><br />(-15 for losing)\n|raw|SEITA's rating: 1669 &rarr; <strong>1684</strong><br />(+15 for winning)\n|l|\u2606Rypassed You\n|player|p1|\n|l|\u2606SEITA\n|player|p2|\n","uploadtime":1771558058,"views":64,"formatid":"gen9vgc2026regi","rating":1562,"private":0,"password":null}