{"id":"gen9vgc2026regi-2581846079","format":"[Gen 9] VGC 2026 Reg I","players":["yicz","ZAPDOSISGOATED"],"log":"|j|\u2606yicz\n|j|\u2606ZAPDOSISGOATED\n|t:|1776033227\n|gametype|doubles\n|player|p1|yicz|265|1552\n|player|p2|ZAPDOSISGOATED|266|1481\n|gen|9\n|tier|[Gen 9] VGC 2026 Reg I\n|rated|\n|rule|Species Clause: Limit one of each Pok\u00e9mon\n|rule|Item Clause: Limit 1 of each item\n|clearpoke\n|poke|p1|Incineroar, L50, F|\n|poke|p1|Koraidon, L50|\n|poke|p1|Rillaboom, L50, F|\n|poke|p1|Calyrex-Ice, L50|\n|poke|p1|Smeargle, L50, F|\n|poke|p1|Landorus, L50, M|\n|poke|p2|Calyrex-Ice, L50|\n|poke|p2|Ursaluna, L50, M|\n|poke|p2|Farigiraf, L50, M|\n|poke|p2|Urshifu-*, L50, M|\n|poke|p2|Iron Bundle, L50|\n|poke|p2|Miraidon, L50|\n|teampreview|4\n|inactive|Battle timer is ON: inactive players will automatically lose when time's up. (requested by ZAPDOSISGOATED)\nZAPDOSISGOATED rejected open team sheets.\n|inactive|ZAPDOSISGOATED has 60 seconds left.\n|\n|t:|1776033265\n|teamsize|p1|4\n|teamsize|p2|4\n|start\n|switch|p1a: Rillaboom|Rillaboom, L50, F|100/100\n|switch|p1b: Calyrex|Calyrex-Ice, L50|100/100\n|switch|p2a: Miraidon|Miraidon, L50|100/100\n|switch|p2b: Farigiraf|Farigiraf, L50, M|100/100\n|-ability|p1b: Calyrex|As One\n|-ability|p1b: Calyrex|Unnerve\n|-fieldstart|move: Electric Terrain|[from] ability: Hadron Engine|[of] p2a: Miraidon\n|-fieldstart|move: Grassy Terrain|[from] ability: Grassy Surge|[of] p1a: Rillaboom\n|turn|1\n|\n|t:|1776033282\n|switch|p1b: Landorus|Landorus, L50, M|100/100\n|move|p2a: Miraidon|Volt Switch|p1a: Rillaboom\n|-resisted|p1a: Rillaboom\n|-damage|p1a: Rillaboom|76/100\n|\n|t:|1776033288\n|switch|p2a: Calyrex|Calyrex-Ice, L50|100/100|[from] Volt Switch\n|-ability|p2a: Calyrex|As One\n|-ability|p2a: Calyrex|Unnerve\n|move|p1a: Rillaboom|U-turn|p2b: Farigiraf\n|-supereffective|p2b: Farigiraf\n|-damage|p2b: Farigiraf|63/100\n|\n|t:|1776033298\n|switch|p1a: Koraidon|Koraidon, L50|100/100|[from] U-turn\n|-weather|SunnyDay|[from] ability: Orichalcum Pulse|[of] p1a: Koraidon\n|-activate|p1a: Koraidon|Orichalcum Pulse|[source]\n|move|p2b: Farigiraf|Dazzling Gleam|p1a: Koraidon|[spread] p1a,p1b\n|-supereffective|p1a: Koraidon\n|-damage|p1a: Koraidon|42/100\n|-damage|p1b: Landorus|83/100\n|\n|-weather|SunnyDay|[upkeep]\n|-heal|p1a: Koraidon|48/100|[from] Grassy Terrain\n|-heal|p2b: Farigiraf|69/100|[from] Grassy Terrain\n|upkeep\n|turn|2\n|\n|t:|1776033310\n|-terastallize|p1a: Koraidon|Fire\n|-terastallize|p2a: Calyrex|Water\n|move|p2b: Farigiraf|Protect|p2b: Farigiraf\n|-singleturn|p2b: Farigiraf|Protect\n|move|p1a: Koraidon|Flare Blitz|p2a: Calyrex\n|-resisted|p2a: Calyrex\n|-damage|p2a: Calyrex|61/100\n|-damage|p1a: Koraidon|34/100|[from] Recoil\n|move|p1b: Landorus|Earth Power|p2a: Calyrex\n|-damage|p2a: Calyrex|11/100\n|move|p2a: Calyrex|Trick Room|p2a: Calyrex\n|-fieldstart|move: Trick Room|[of] p2a: Calyrex\n|\n|-weather|SunnyDay|[upkeep]\n|-heal|p2a: Calyrex|16/100|[from] Grassy Terrain\n|-heal|p2b: Farigiraf|75/100|[from] Grassy Terrain\n|-heal|p1a: Koraidon|40/100|[from] Grassy Terrain\n|upkeep\n|turn|3\n|inactive|yicz has 30 seconds left.\n|inactive|ZAPDOSISGOATED has 30 seconds left.\n|inactive|ZAPDOSISGOATED has 20 seconds left.\n|inactive|ZAPDOSISGOATED has 15 seconds left.\n|\n|t:|1776033353\n|switch|p1b: Calyrex|Calyrex-Ice, L50|100/100\n|-ability|p1b: Calyrex|As One\n|-ability|p1b: Calyrex|Unnerve\n|move|p2b: Farigiraf|Helping Hand|p2a: Calyrex\n|-singleturn|p2a: Calyrex|Helping Hand|[of] p2b: Farigiraf\n|move|p2a: Calyrex|Glacial Lance|p1b: Calyrex|[spread] p1a,p1b\n|-resisted|p1a: Koraidon\n|-resisted|p1b: Calyrex\n|-crit|p1b: Calyrex\n|-damage|p1a: Koraidon|5/100\n|-damage|p1b: Calyrex|58/100\n|move|p1a: Koraidon|Collision Course|p2a: Calyrex\n|-crit|p2a: Calyrex\n|-damage|p2a: Calyrex|0 fnt\n|faint|p2a: Calyrex\n|\n|-weather|SunnyDay|[upkeep]\n|-heal|p1b: Calyrex|63/100|[from] Grassy Terrain\n|-heal|p1b: Calyrex|69/100|[from] item: Leftovers\n|-heal|p2b: Farigiraf|81/100|[from] Grassy Terrain\n|-heal|p1a: Koraidon|11/100|[from] Grassy Terrain\n|upkeep\n|\n|t:|1776033367\n|switch|p2a: Ursaluna|Ursaluna, L50, M|100/100\n|turn|4\n|\n|t:|1776033375\n|switch|p1a: Rillaboom|Rillaboom, L50, F|76/100\n|move|p2b: Farigiraf|Helping Hand|p2a: Ursaluna\n|-singleturn|p2a: Ursaluna|Helping Hand|[of] p2b: Farigiraf\n|move|p2a: Ursaluna|Rock Slide|p1a: Rillaboom|[spread] p1a,p1b\n|-supereffective|p1b: Calyrex\n|-damage|p1a: Rillaboom|44/100\n|-damage|p1b: Calyrex|26/100\n|move|p1b: Calyrex|Glacial Lance|p2b: Farigiraf|[spread] p2a,p2b\n|-supereffective|p2a: Ursaluna\n|-crit|p2a: Ursaluna\n|-damage|p2a: Ursaluna|0 fnt\n|-damage|p2b: Farigiraf|32/100\n|faint|p2a: Ursaluna\n|-ability|p1b: Calyrex|Chilling Neigh|boost\n|-boost|p1b: Calyrex|atk|1\n|\n|-weather|SunnyDay|[upkeep]\n|-heal|p1b: Calyrex|31/100|[from] Grassy Terrain\n|-heal|p1b: Calyrex|37/100|[from] item: Leftovers\n|-heal|p2b: Farigiraf|38/100|[from] Grassy Terrain\n|-heal|p1a: Rillaboom|50/100|[from] Grassy Terrain\n|upkeep\n|-message|ZAPDOSISGOATED forfeited.\n|\n|win|yicz\n|raw|yicz's rating: 1552 &rarr; <strong>1568</strong><br />(+16 for winning)\n|raw|ZAPDOSISGOATED's rating: 1481 &rarr; <strong>1465</strong><br />(-16 for losing)\n|l|\u2606ZAPDOSISGOATED\n|player|p2|\n|l|\u2606yicz\n|player|p1|\n","uploadtime":1776033598,"views":10,"formatid":"gen9vgc2026regi","rating":1465,"private":0,"password":null}