{"id":"gen9vgc2026regi-2527294917","format":"[Gen 9] VGC 2026 Reg I","players":["liam.2025","dasabe\u76d6\u6b27\u5361\u4fa0"],"log":"|j|\u2606liam.2025\n|j|\u2606dasabe\u76d6\u6b27\u5361\u4fa0\n|t:|1769524691\n|gametype|doubles\n|player|p1|liam.2025|policeman|1375\n|player|p2|dasabe\u76d6\u6b27\u5361\u4fa0|may-masters4|1664\n|gen|9\n|tier|[Gen 9] VGC 2026 Reg I\n|rated|\n|rule|Species Clause: Limit one of each Pok\u00e9mon\n|rule|Item Clause: Limit 1 of each item\n|clearpoke\n|poke|p1|Murkrow, L50, M|\n|poke|p1|Weezing-Galar, L50, M|\n|poke|p1|Terapagos, L50, M|\n|poke|p1|Smeargle, L50, F|\n|poke|p1|Calyrex-Ice, L50|\n|poke|p1|Ursaluna, L50, M|\n|poke|p2|Kyogre, L50|\n|poke|p2|Miraidon, L50|\n|poke|p2|Whimsicott, L50, F|\n|poke|p2|Iron Hands, L50|\n|poke|p2|Farigiraf, L50, F|\n|poke|p2|Urshifu-*, L50, M|\n|teampreview|4\n|\n|t:|1769524704\n|teamsize|p1|4\n|teamsize|p2|4\n|start\n|switch|p1a: Murkrow|Murkrow, L50, M|100/100\n|switch|p1b: Weezing|Weezing-Galar, L50, M|100/100\n|switch|p2a: \u5996\u820d\u7cbe\u62c9|Whimsicott, L50, F, shiny|100/100\n|switch|p2b: \u6210\u90fd\u8001\u76d6|Kyogre, L50, shiny|100/100\n|-ability|p1b: Weezing|Neutralizing Gas\n|-block|p1a: Murkrow|item: Ability Shield\n|turn|1\n|inactive|Battle timer is ON: inactive players will automatically lose when time's up. (requested by liam.2025)\n|inactive|liam.2025 has 60 seconds left.\n|\n|t:|1769524746\n|move|p1a: Murkrow|Taunt|p2a: \u5996\u820d\u7cbe\u62c9\n|-start|p2a: \u5996\u820d\u7cbe\u62c9|move: Taunt\n|cant|p2a: \u5996\u820d\u7cbe\u62c9|move: Taunt|Tailwind\n|move|p2b: \u6210\u90fd\u8001\u76d6|Origin Pulse|p1a: Murkrow|[spread] p1a\n|-miss|p2b: \u6210\u90fd\u8001\u76d6|p1b: Weezing\n|-damage|p1a: Murkrow|0 fnt\n|faint|p1a: Murkrow\n|move|p1b: Weezing|Strange Steam|p2a: \u5996\u820d\u7cbe\u62c9\n|-damage|p2a: \u5996\u820d\u7cbe\u62c9|5/100\n|-damage|p1b: Weezing|90/100|[from] item: Life Orb\n|\n|upkeep\n|-message|liam.2025 forfeited.\n|\n|win|dasabe\u76d6\u6b27\u5361\u4fa0\n|raw|liam.2025's rating: 1375 &rarr; <strong>1369</strong><br />(-6 for losing)\n|raw|dasabe\u76d6\u6b27\u5361\u4fa0's rating: 1664 &rarr; <strong>1670</strong><br />(+6 for winning)\n|l|\u2606liam.2025\n|player|p1|\n|l|\u2606dasabe\u76d6\u6b27\u5361\u4fa0\n|player|p2|\n","uploadtime":1769524988,"views":27,"formatid":"gen9vgc2026regi","rating":1369,"private":0,"password":null}