{"id":"gen9vgc2026regi-2542438836","format":"[Gen 9] VGC 2026 Reg I","players":["Vortex00999","EllenJoe2026"],"log":"|j|\u2606Vortex00999\n|j|\u2606EllenJoe2026\n|t:|1771448765\n|gametype|doubles\n|player|p1|Vortex00999|ghetsis|1367\n|player|p2|EllenJoe2026|iono|1520\n|gen|9\n|tier|[Gen 9] VGC 2026 Reg I\n|rated|\n|rule|Species Clause: Limit one of each Pok\u00e9mon\n|rule|Item Clause: Limit 1 of each item\n|clearpoke\n|poke|p1|Terapagos, L50, M|\n|poke|p1|Calyrex-Shadow, L50|\n|poke|p1|Whimsicott, L50, M|\n|poke|p1|Incineroar, L50, F|\n|poke|p1|Urshifu-*, L50, M|\n|poke|p1|Pelipper, L50, M|\n|poke|p2|Calyrex-Ice, L50|\n|poke|p2|Miraidon, L50|\n|poke|p2|Tornadus, L50, M|\n|poke|p2|Urshifu-*, L50, F|\n|poke|p2|Grimmsnarl, L50, M|\n|poke|p2|Indeedee-F, L50, F|\n|teampreview|4\n|inactive|Battle timer is ON: inactive players will automatically lose when time's up. (requested by Vortex00999)\n|inactive|EllenJoe2026 also wants the timer to be on.\n|inactive|Vortex00999 has 60 seconds left.\n|inactive|EllenJoe2026 has 60 seconds left.\n|inactive|Vortex00999 has 30 seconds left.\n|\n|t:|1771448832\n|teamsize|p1|4\n|teamsize|p2|4\n|start\n|switch|p1a: Whimsicott|Whimsicott, L50, M|100/100\n|switch|p1b: Calyrex|Calyrex-Shadow, L50|100/100\n|switch|p2a: Tornadus|Tornadus, L50, M, shiny|100/100\n|switch|p2b: Urshifu|Urshifu-Rapid-Strike, L50, F|100/100\n|-ability|p1b: Calyrex|As One\n|-ability|p1b: Calyrex|Unnerve\n|turn|1\n|\n|t:|1771448852\n|switch|p1b: Pelipper|Pelipper, L50, M|100/100\n|-weather|RainDance|[from] ability: Drizzle|[of] p1b: Pelipper\n|-terastallize|p2a: Tornadus|Dark\n|move|p2b: Urshifu|Aqua Jet|p1b: Pelipper\n|-resisted|p1b: Pelipper\n|-damage|p1b: Pelipper|73/100\n|move|p1a: Whimsicott|Moonblast|p2b: Urshifu\n|-supereffective|p2b: Urshifu\n|-damage|p2b: Urshifu|19/100\n|-unboost|p2b: Urshifu|spa|1\n|move|p2a: Tornadus|Dark Pulse|p1b: Pelipper\n|-damage|p1b: Pelipper|17/100\n|\n|-weather|RainDance|[upkeep]\n|upkeep\n|turn|2\n|inactive|Vortex00999 has 30 seconds left.\n|inactive|EllenJoe2026 has 30 seconds left.\n|j| riyuezi\n|inactive|Vortex00999 has 20 seconds left.\n|inactive|Vortex00999 has 15 seconds left.\n|\n|t:|1771448897\n|switch|p2b: Calyrex|Calyrex-Ice, L50|100/100\n|-ability|p2b: Calyrex|As One\n|-ability|p2b: Calyrex|Unnerve\n|move|p1a: Whimsicott|Tailwind|p1a: Whimsicott\n|-sidestart|p1: Vortex00999|move: Tailwind\n|move|p2a: Tornadus|Tailwind|p2a: Tornadus\n|-sidestart|p2: EllenJoe2026|move: Tailwind\n|move|p1b: Pelipper|Brave Bird|p2a: Tornadus\n|-damage|p2a: Tornadus|15/100\n|-damage|p1b: Pelipper|0 fnt|[from] Recoil\n|faint|p1b: Pelipper\n|\n|-weather|RainDance|[upkeep]\n|upkeep\n|\n|t:|1771448912\n|switch|p1b: Calyrex|Calyrex-Shadow, L50|100/100\n|-ability|p1b: Calyrex|As One\n|-ability|p1b: Calyrex|Unnerve\n|turn|3\n|\n|t:|1771448924\n|move|p1a: Whimsicott|Fake Tears|p2b: Calyrex\n|-fail|p2b: Calyrex|unboost|[from] item: Clear Amulet|[of] p2b: Calyrex\n|move|p1b: Calyrex|Astral Barrage|p2a: Tornadus|[spread] p2a,p2b\n|-resisted|p2a: Tornadus\n|-supereffective|p2b: Calyrex\n|-damage|p2a: Tornadus|0 fnt\n|-damage|p2b: Calyrex|28/100\n|faint|p2a: Tornadus\n|-ability|p1b: Calyrex|Grim Neigh|boost\n|-boost|p1b: Calyrex|spa|1\n|move|p2b: Calyrex|Glacial Lance|p1a: Whimsicott|[spread] p1a,p1b\n|-supereffective|p1a: Whimsicott\n|-damage|p1a: Whimsicott|0 fnt\n|-damage|p1b: Calyrex|34/100\n|faint|p1a: Whimsicott\n|-ability|p2b: Calyrex|Chilling Neigh|boost\n|-boost|p2b: Calyrex|atk|1\n|\n|-weather|RainDance|[upkeep]\n|upkeep\n|\n|t:|1771448933\n|switch|p1a: Urshifu|Urshifu-Rapid-Strike, L50, M|100/100\n|switch|p2a: Urshifu|Urshifu-Rapid-Strike, L50, F|19/100\n|turn|4\n|l| riyuezi\n|\n|t:|1771448947\n|move|p1a: Urshifu|Aqua Jet|p2a: Urshifu\n|-resisted|p2a: Urshifu\n|-crit|p2a: Urshifu\n|-damage|p2a: Urshifu|0 fnt\n|faint|p2a: Urshifu\n|-damage|p1a: Urshifu|91/100|[from] item: Life Orb\n|move|p1b: Calyrex|Astral Barrage|p2b: Calyrex\n|-supereffective|p2b: Calyrex\n|-damage|p2b: Calyrex|0 fnt\n|faint|p2b: Calyrex\n|-ability|p1b: Calyrex|Grim Neigh|boost\n|-boost|p1b: Calyrex|spa|1\n|\n|-weather|RainDance|[upkeep]\n|upkeep\n|-message|EllenJoe2026 forfeited.\n|\n|win|Vortex00999\n|raw|Vortex00999's rating: 1367 &rarr; <strong>1395</strong><br />(+28 for winning)\n|raw|EllenJoe2026's rating: 1520 &rarr; <strong>1492</strong><br />(-28 for losing)\n|l|\u2606EllenJoe2026\n|player|p2|\n|l|\u2606Vortex00999\n|player|p1|\n","uploadtime":1771449095,"views":13,"formatid":"gen9vgc2026regi","rating":1395,"private":0,"password":null}