{"id":"gen9vgc2026regi-2556525544","format":"[Gen 9] VGC 2026 Reg I","players":["b3testing","saya315"],"log":"|j|\u2606b3testing\n|j|\u2606saya315\n|t:|1773220883\n|gametype|doubles\n|player|p1|b3testing|102|1564\n|player|p2|saya315|101|1475\n|gen|9\n|tier|[Gen 9] VGC 2026 Reg I\n|rated|\n|rule|Species Clause: Limit one of each Pok\u00e9mon\n|rule|Item Clause: Limit 1 of each item\n|clearpoke\n|poke|p1|Terapagos, L50, M|\n|poke|p1|Calyrex-Shadow, L50|\n|poke|p1|Incineroar, L50, M|\n|poke|p1|Amoonguss, L50, M|\n|poke|p1|Tornadus, L50, M|\n|poke|p1|Smeargle, L50, F|\n|poke|p2|Kyogre, L50|\n|poke|p2|Calyrex-Ice, L50|\n|poke|p2|Iron Jugulis, L50|\n|poke|p2|Amoonguss, L50, F|\n|poke|p2|Indeedee-F, L50, F|\n|poke|p2|Urshifu-*, L50, M|\n|teampreview|4\n|inactive|Battle timer is ON: inactive players will automatically lose when time's up. (requested by b3testing)\n|inactive|b3testing has 60 seconds left.\n|\n|t:|1773220922\n|teamsize|p1|4\n|teamsize|p2|4\n|start\n|switch|p1a: Smeargle|Smeargle, L50, F|100/100\n|switch|p1b: Terapagos|Terapagos, L50, M|100/100\n|switch|p2a: Iron Jugulis|Iron Jugulis, L50|100/100\n|switch|p2b: Urshifu|Urshifu-Rapid-Strike, L50, M|100/100\n|-activate|p1b: Terapagos|ability: Tera Shift\n|detailschange|p1b: Terapagos|Terapagos-Terastal, L50, M\n|-heal|p1b: Terapagos|100/100|[silent]\n|-enditem|p2a: Iron Jugulis|Booster Energy\n|-activate|p2a: Iron Jugulis|ability: Quark Drive|[fromitem]\n|-start|p2a: Iron Jugulis|quarkdrivespe\n|turn|1\n|inactive|b3testing has 30 seconds left.\n|inactive|b3testing has 20 seconds left.\n|inactive|b3testing has 15 seconds left.\n|inactive|saya315 has 30 seconds left.\n|\n|t:|1773220967\n|-terastallize|p2b: Urshifu|Ghost\n|move|p2a: Iron Jugulis|Snarl|p1b: Terapagos|[spread] p1a,p1b\n|-activate|p1b: Terapagos|ability: Tera Shell\n|-resisted|p1b: Terapagos\n|-damage|p1a: Smeargle|62/100\n|-damage|p1b: Terapagos|93/100\n|-unboost|p1a: Smeargle|spa|1\n|move|p1a: Smeargle|Decorate|p1b: Terapagos\n|-boost|p1b: Terapagos|atk|2\n|-boost|p1b: Terapagos|spa|2\n|move|p2b: Urshifu|Surging Strikes|p1a: Smeargle\n|-crit|p1a: Smeargle\n|-damage|p1a: Smeargle|15/100\n|-crit|p1a: Smeargle\n|-damage|p1a: Smeargle|0 fnt\n|faint|p1a: Smeargle\n|-hitcount|p1: Smeargle|2\n|move|p1b: Terapagos|Tera Starstorm|p2b: Urshifu\n|-immune|p2b: Urshifu\n|\n|upkeep\n|\n|t:|1773220974\n|switch|p1a: Tornadus|Tornadus, L50, M|100/100\n|turn|2\n|\n|t:|1773220998\n|-terastallize|p1b: Terapagos|Stellar\n|detailschange|p1b: Terapagos|Terapagos-Stellar, L50, M, tera:Stellar\n|-heal|p1b: Terapagos|95/100|[silent]\n|move|p2b: Urshifu|Detect|p2b: Urshifu\n|-singleturn|p2b: Urshifu|Protect\n|move|p1a: Tornadus|Tailwind|p1a: Tornadus\n|-sidestart|p1: b3testing|move: Tailwind\n|move|p2a: Iron Jugulis|Tailwind|p2a: Iron Jugulis\n|-sidestart|p2: saya315|move: Tailwind\n|move|p1b: Terapagos|Tera Starstorm|p2a: Iron Jugulis|[spread] p2a\n|-activate|p2b: Urshifu|move: Protect\n|-damage|p2a: Iron Jugulis|13/100\n|\n|upkeep\n|turn|3\n|\n|t:|1773221022\n|move|p2a: Iron Jugulis|Snarl|p1b: Terapagos|[spread] p1a,p1b\n|-damage|p1a: Tornadus|82/100\n|-damage|p1b: Terapagos|84/100\n|-unboost|p1a: Tornadus|spa|1\n|move|p1a: Tornadus|Bleakwind Storm|p2b: Urshifu|[spread] p2a,p2b\n|-damage|p2a: Iron Jugulis|0 fnt\n|-damage|p2b: Urshifu|66/100\n|faint|p2a: Iron Jugulis\n|-end|p2a: Iron Jugulis|Quark Drive|[silent]\n|move|p2b: Urshifu|Close Combat|p1b: Terapagos\n|-supereffective|p1b: Terapagos\n|-damage|p1b: Terapagos|0 fnt\n|-unboost|p2b: Urshifu|def|1\n|-unboost|p2b: Urshifu|spd|1\n|faint|p1b: Terapagos\n|detailschange|p1: Terapagos|Terapagos, L50, M|[silent]\n|\n|upkeep\n|\n|t:|1773221036\n|switch|p2a: Kyogre|Kyogre, L50|100/100\n|switch|p1b: Calyrex|Calyrex-Shadow, L50|100/100\n|-ability|p1b: Calyrex|As One\n|-ability|p1b: Calyrex|Unnerve\n|-weather|RainDance|[from] ability: Drizzle|[of] p2a: Kyogre\n|turn|4\n|\n|t:|1773221054\n|switch|p2b: Indeedee|Indeedee-F, L50, F|100/100\n|-fieldstart|move: Psychic Terrain|[from] ability: Psychic Surge|[of] p2b: Indeedee\n|move|p1b: Calyrex|Astral Barrage|p2a: Kyogre|[spread] p2a\n|-immune|p2b: Indeedee\n|-damage|p2a: Kyogre|51/100\n|-damage|p1b: Calyrex|91/100|[from] item: Life Orb\n|move|p1a: Tornadus|Bleakwind Storm|p2a: Kyogre|[spread] p2a,p2b\n|-damage|p2a: Kyogre|31/100\n|-damage|p2b: Indeedee|73/100\n|-enditem|p2b: Indeedee|Eject Button\n|\n|t:|1773221066\n|switch|p2b: Urshifu|Urshifu-Rapid-Strike, L50, M, tera:Ghost|66/100\n|move|p2a: Kyogre|Origin Pulse|p1b: Calyrex|[spread] p1a,p1b\n|-damage|p1a: Tornadus|0 fnt\n|-damage|p1b: Calyrex|0 fnt\n|faint|p1a: Tornadus\n|faint|p1b: Calyrex\n|\n|win|saya315\n|raw|b3testing's rating: 1564 &rarr; <strong>1539</strong><br />(-25 for losing)\n|raw|saya315's rating: 1475 &rarr; <strong>1500</strong><br />(+25 for winning)\n|l|\u2606b3testing\n|player|p1|\n|l|\u2606saya315\n|player|p2|\n","uploadtime":1773221212,"views":16,"formatid":"gen9vgc2026regi","rating":1500,"private":0,"password":null}