{"id":"gen9vgc2026regi-2560722756","format":"[Gen 9] VGC 2026 Reg I","players":["sleemo2","shangenb6"],"log":"|j|\u2606sleemo2\n|j|\u2606shangenb6\n|t:|1773716728\n|gametype|doubles\n|player|p1|sleemo2|acetrainerf|1540\n|player|p2|shangenb6|102|1446\n|gen|9\n|tier|[Gen 9] VGC 2026 Reg I\n|rated|\n|rule|Species Clause: Limit one of each Pok\u00e9mon\n|rule|Item Clause: Limit 1 of each item\n|clearpoke\n|poke|p1|Koraidon, L50|\n|poke|p1|Lunala, L50|\n|poke|p1|Flutter Mane, L50|\n|poke|p1|Chi-Yu, L50|\n|poke|p1|Ursaluna, L50, F|\n|poke|p1|Brute Bonnet, L50|\n|poke|p2|Koraidon, L50|\n|poke|p2|Lunala, L50|\n|poke|p2|Flutter Mane, L50|\n|poke|p2|Chi-Yu, L50|\n|poke|p2|Raging Bolt, L50|\n|poke|p2|Indeedee-F, L50, F|\n|teampreview|4\n|inactive|Battle timer is ON: inactive players will automatically lose when time's up. (requested by shangenb6)\n|inactive|sleemo2 has 60 seconds left.\n|inactive|sleemo2 has 30 seconds left.\n|\n|t:|1773716799\n|teamsize|p1|4\n|teamsize|p2|4\n|start\n|switch|p1a: Flutter Mane|Flutter Mane, L50|100/100\n|switch|p1b: Chi-Yu|Chi-Yu, L50|100/100\n|switch|p2a: Lunala|Lunala, L50|100/100\n|switch|p2b: Flutter Mane|Flutter Mane, L50|100/100\n|-ability|p1b: Chi-Yu|Beads of Ruin\n|turn|1\n|\n|t:|1773716814\n|-terastallize|p1a: Flutter Mane|Stellar\n|move|p2a: Lunala|Wide Guard|p2a: Lunala\n|-singleturn|p2a: Lunala|Wide Guard\n|move|p1b: Chi-Yu|Snarl|p2a: Lunala|[spread] \n|-activate|p2a: Lunala|move: Wide Guard\n|-activate|p2b: Flutter Mane|move: Wide Guard\n|move|p1a: Flutter Mane|Moonblast|p2a: Lunala\n|-damage|p2a: Lunala|66/100\n|move|p2b: Flutter Mane|Icy Wind|p1b: Chi-Yu|[spread] p1a,p1b\n|-resisted|p1b: Chi-Yu\n|-damage|p1a: Flutter Mane|78/100\n|-damage|p1b: Chi-Yu|92/100\n|-unboost|p1a: Flutter Mane|spe|1\n|-unboost|p1b: Chi-Yu|spe|1\n|\n|upkeep\n|turn|2\n|inactive|shangenb6 has 30 seconds left.\n|inactive|sleemo2 has 30 seconds left.\n|inactive|shangenb6 has 20 seconds left.\n|inactive|shangenb6 has 15 seconds left.\n|inactive|sleemo2 has 20 seconds left.\n|inactive|shangenb6 has 10 seconds left.\n|inactive|shangenb6 has 5 seconds left.\n|\n|t:|1773716870\n|move|p2b: Flutter Mane|Icy Wind|p1a: Flutter Mane|[spread] p1a,p1b\n|-resisted|p1b: Chi-Yu\n|-damage|p1a: Flutter Mane|57/100\n|-damage|p1b: Chi-Yu|83/100\n|-unboost|p1a: Flutter Mane|spe|1\n|-unboost|p1b: Chi-Yu|spe|1\n|move|p2a: Lunala|Meteor Beam||[still]\n|-prepare|p2a: Lunala|Meteor Beam\n|-boost|p2a: Lunala|spa|1\n|-enditem|p2a: Lunala|Power Herb\n|-anim|p2a: Lunala|Meteor Beam|p1b: Chi-Yu\n|-supereffective|p1b: Chi-Yu\n|-damage|p1b: Chi-Yu|0 fnt\n|faint|p1b: Chi-Yu\n|move|p1a: Flutter Mane|Shadow Ball|p2b: Flutter Mane\n|-supereffective|p2b: Flutter Mane\n|-enditem|p2b: Flutter Mane|Focus Sash\n|-damage|p2b: Flutter Mane|1/100\n|\n|upkeep\n|\n|t:|1773716889\n|switch|p1b: Lunala|Lunala, L50|100/100\n|turn|3\n|\n|t:|1773716901\n|-end|p1a: Flutter Mane|Protosynthesis|[silent]\n|switch|p1a: Koraidon|Koraidon, L50|100/100\n|-weather|SunnyDay|[from] ability: Orichalcum Pulse|[of] p1a: Koraidon\n|-activate|p2b: Flutter Mane|ability: Protosynthesis\n|-start|p2b: Flutter Mane|protosynthesisspe\n|-activate|p1a: Koraidon|Orichalcum Pulse|[source]\n|-terastallize|p2b: Flutter Mane|Fairy\n|move|p2b: Flutter Mane|Moonblast|p1a: Koraidon\n|-supereffective|p1a: Koraidon\n|-damage|p1a: Koraidon|0 fnt\n|faint|p1a: Koraidon\n|move|p2a: Lunala|Moongeist Beam|p1b: Lunala\n|-supereffective|p1b: Lunala\n|-damage|p1b: Lunala|0 fnt\n|faint|p1b: Lunala\n|\n|-weather|SunnyDay|[upkeep]\n|upkeep\n|-message|sleemo2 forfeited.\n|\n|win|shangenb6\n|raw|sleemo2's rating: 1540 &rarr; <strong>1515</strong><br />(-25 for losing)\n|raw|shangenb6's rating: 1446 &rarr; <strong>1471</strong><br />(+25 for winning)\n","uploadtime":1773716928,"views":18,"formatid":"gen9vgc2026regi","rating":1471,"private":0,"password":null}