{"id":"gen9vgc2026regi-2560840918","format":"[Gen 9] VGC 2026 Reg I","players":["VJ2511","LechonkBro"],"log":"|j|\u2606VJ2511\n|j|\u2606LechonkBro\n|t:|1773735895\n|gametype|doubles\n|player|p1|VJ2511|265|1457\n|player|p2|LechonkBro|265|1581\n|gen|9\n|tier|[Gen 9] VGC 2026 Reg I\n|rated|\n|rule|Species Clause: Limit one of each Pok\u00e9mon\n|rule|Item Clause: Limit 1 of each item\n|clearpoke\n|poke|p1|Calyrex-Shadow, L50|\n|poke|p1|Zamazenta-*, L50|\n|poke|p1|Chien-Pao, L50|\n|poke|p1|Dragonite, L50, M|\n|poke|p1|Raging Bolt, L50|\n|poke|p1|Amoonguss, L50, M|\n|poke|p2|Chien-Pao, L50|\n|poke|p2|Calyrex-Shadow, L50|\n|poke|p2|Dondozo, L50, M|\n|poke|p2|Zamazenta-*, L50|\n|poke|p2|Dragonite, L50, M|\n|poke|p2|Tatsugiri, L50, F|\n|teampreview|4\n|inactive|Battle timer is ON: inactive players will automatically lose when time's up. (requested by LechonkBro)\n|\n|t:|1773735908\n|teamsize|p1|4\n|teamsize|p2|4\n|start\n|switch|p1a: Zamazenta|Zamazenta-Crowned, L50|100/100\n|switch|p1b: Chien-Pao|Chien-Pao, L50|100/100\n|switch|p2a: Chien-Pao|Chien-Pao, L50|100/100\n|switch|p2b: Zamazenta|Zamazenta-Crowned, L50|100/100\n|-ability|p1b: Chien-Pao|Sword of Ruin\n|-ability|p2a: Chien-Pao|Sword of Ruin\n|-ability|p2b: Zamazenta|Dauntless Shield|boost\n|-boost|p2b: Zamazenta|def|1\n|-ability|p1a: Zamazenta|Dauntless Shield|boost\n|-boost|p1a: Zamazenta|def|1\n|turn|1\n|\n|t:|1773735925\n|-terastallize|p1b: Chien-Pao|Poison\n|move|p1b: Chien-Pao|Icy Wind|p2a: Chien-Pao|[spread] p2a,p2b\n|-resisted|p2a: Chien-Pao\n|-resisted|p2b: Zamazenta\n|-damage|p2a: Chien-Pao|89/100\n|-damage|p2b: Zamazenta|96/100\n|-unboost|p2a: Chien-Pao|spe|1\n|-unboost|p2b: Zamazenta|spe|1\n|move|p1a: Zamazenta|Body Press|p2a: Chien-Pao\n|-supereffective|p2a: Chien-Pao\n|-damage|p2a: Chien-Pao|0 fnt\n|faint|p2a: Chien-Pao\n|move|p2b: Zamazenta|Body Press|p1b: Chien-Pao\n|-resisted|p1b: Chien-Pao\n|-damage|p1b: Chien-Pao|52/100\n|\n|upkeep\n|\n|t:|1773735939\n|switch|p2a: Dragonite|Dragonite, L50, M|100/100\n|turn|2\n|\n|t:|1773735953\n|switch|p1b: Calyrex|Calyrex-Shadow, L50|100/100\n|-ability|p1b: Calyrex|As One\n|-ability|p1b: Calyrex|Unnerve\n|move|p1a: Zamazenta|Heavy Slam|p2a: Dragonite\n|-damage|p2a: Dragonite|69/100\n|move|p2b: Zamazenta|Behemoth Bash|p1b: Calyrex\n|-damage|p1b: Calyrex|54/100\n|move|p2a: Dragonite|Low Kick|p1a: Zamazenta\n|-supereffective|p1a: Zamazenta\n|-damage|p1a: Zamazenta|48/100\n|\n|upkeep\n|turn|3\n|inactive|LechonkBro has 30 seconds left.\n|inactive|LechonkBro has 20 seconds left.\n|\n|t:|1773735990\n|-terastallize|p2a: Dragonite|Normal\n|move|p1b: Calyrex|Astral Barrage|p2b: Zamazenta|[spread] p2b\n|-immune|p2a: Dragonite\n|-damage|p2b: Zamazenta|55/100\n|move|p1a: Zamazenta|Body Press|p2b: Zamazenta\n|-supereffective|p2b: Zamazenta\n|-damage|p2b: Zamazenta|0 fnt\n|faint|p2b: Zamazenta\n|move|p2a: Dragonite|Low Kick|p1a: Zamazenta\n|-supereffective|p1a: Zamazenta\n|-damage|p1a: Zamazenta|0 fnt\n|faint|p1a: Zamazenta\n|\n|upkeep\n|\n|t:|1773736006\n|switch|p2b: Calyrex|Calyrex-Shadow, L50|100/100\n|switch|p1a: Chien-Pao|Chien-Pao, L50, tera:Poison|52/100\n|-ability|p2b: Calyrex|As One\n|-ability|p2b: Calyrex|Unnerve\n|-ability|p1a: Chien-Pao|Sword of Ruin\n|turn|4\n|\n|t:|1773736023\n|move|p1a: Chien-Pao|Sucker Punch|p2b: Calyrex\n|-supereffective|p2b: Calyrex\n|-damage|p2b: Calyrex|0 fnt\n|faint|p2b: Calyrex\n|move|p1b: Calyrex|Astral Barrage|p2a: Dragonite\n|-immune|p2a: Dragonite\n|move|p2a: Dragonite|Low Kick|p1a: Chien-Pao\n|-resisted|p1a: Chien-Pao\n|-crit|p1a: Chien-Pao\n|-damage|p1a: Chien-Pao|0 fnt\n|faint|p1a: Chien-Pao\n|\n|upkeep\n|-message|LechonkBro forfeited.\n|\n|win|VJ2511\n|raw|VJ2511's rating: 1457 &rarr; <strong>1484</strong><br />(+27 for winning)\n|raw|LechonkBro's rating: 1581 &rarr; <strong>1554</strong><br />(-27 for losing)\n|l|\u2606LechonkBro\n|player|p2|\n|l|\u2606VJ2511\n|player|p1|\n","uploadtime":1773736192,"views":11,"formatid":"gen9vgc2026regi","rating":1484,"private":0,"password":null}