{"id":"gen9vgc2026regi-2567558753","format":"[Gen 9] VGC 2026 Reg I","players":["powpowP0WER","bullgod4ever"],"log":"|j|\u2606powpowP0WER\n|j|\u2606bullgod4ever\n|t:|1774487892\n|gametype|doubles\n|player|p1|powpowP0WER|battlegirl-gen4|1350\n|player|p2|bullgod4ever|1|1518\n|gen|9\n|tier|[Gen 9] VGC 2026 Reg I\n|rated|\n|rule|Species Clause: Limit one of each Pok\u00e9mon\n|rule|Item Clause: Limit 1 of each item\n|clearpoke\n|poke|p1|Groudon, L50|\n|poke|p1|Miraidon, L50|\n|poke|p1|Gardevoir, L50, F|\n|poke|p1|Iron Valiant, L50|\n|poke|p1|Iron Hands, L50|\n|poke|p1|Incineroar, L50, F|\n|poke|p2|Brute Bonnet, L50|\n|poke|p2|Lunala, L50|\n|poke|p2|Flutter Mane, L50|\n|poke|p2|Landorus, L50, M|\n|poke|p2|Incineroar, L50, M|\n|poke|p2|Koraidon, L50|\n|teampreview|4\n|inactive|Battle timer is ON: inactive players will automatically lose when time's up. (requested by powpowP0WER)\n|\n|t:|1774487958\n|teamsize|p1|4\n|teamsize|p2|4\n|start\n|switch|p1a: Miraidon|Miraidon, L50|100/100\n|switch|p1b: Gardevoir|Gardevoir, L50, F|100/100\n|switch|p2a: Flutter Mane|Flutter Mane, L50|100/100\n|switch|p2b: Koraidon|Koraidon, L50|100/100\n|-fieldstart|move: Electric Terrain|[from] ability: Hadron Engine|[of] p1a: Miraidon\n|-weather|SunnyDay|[from] ability: Orichalcum Pulse|[of] p2b: Koraidon\n|-activate|p2a: Flutter Mane|ability: Protosynthesis\n|-start|p2a: Flutter Mane|protosynthesisspe\n|-activate|p2b: Koraidon|Orichalcum Pulse|[source]\n|turn|1\n|inactive|powpowP0WER has 30 seconds left.\n|inactive|bullgod4ever has 30 seconds left.\n|inactive|powpowP0WER has 20 seconds left.\n|inactive|bullgod4ever has 20 seconds left.\n|\n|t:|1774487997\n|-terastallize|p2b: Koraidon|Fire\n|move|p2a: Flutter Mane|Icy Wind|p1a: Miraidon|[spread] p1a,p1b\n|-supereffective|p1a: Miraidon\n|-damage|p1a: Miraidon|74/100\n|-damage|p1b: Gardevoir|88/100\n|-unboost|p1a: Miraidon|spe|1\n|-unboost|p1b: Gardevoir|spe|1\n|move|p2b: Koraidon|Close Combat|p1a: Miraidon\n|-damage|p1a: Miraidon|0 fnt\n|-unboost|p2b: Koraidon|def|1\n|-unboost|p2b: Koraidon|spd|1\n|faint|p1a: Miraidon\n|-damage|p2b: Koraidon|91/100|[from] item: Life Orb\n|move|p1b: Gardevoir|Trick Room|p1b: Gardevoir\n|-fieldstart|move: Trick Room|[of] p1b: Gardevoir\n|\n|-weather|SunnyDay|[upkeep]\n|upkeep\n|\n|t:|1774488006\n|switch|p1a: Groudon|Groudon, L50|100/100\n|turn|2\n|\n|t:|1774488030\n|switch|p2b: Lunala|Lunala, L50|100/100\n|-terastallize|p1a: Groudon|Fire\n|move|p2a: Flutter Mane|Protect|p2a: Flutter Mane\n|-singleturn|p2a: Flutter Mane|Protect\n|move|p1b: Gardevoir|Gravity|p1b: Gardevoir\n|-fieldstart|move: Gravity\n|move|p1a: Groudon|Precipice Blades|p2b: Lunala|[spread] p2b\n|-activate|p2a: Flutter Mane|move: Protect\n|-damage|p2b: Lunala|79/100\n|\n|-weather|SunnyDay|[upkeep]\n|upkeep\n|turn|3\n|inactive|powpowP0WER has 30 seconds left.\n|\n|t:|1774488055\n|-end|p2a: Flutter Mane|Protosynthesis|[silent]\n|switch|p2a: Landorus|Landorus, L50, M|100/100\n|move|p1b: Gardevoir|Helping Hand|p1a: Groudon\n|-singleturn|p1a: Groudon|Helping Hand|[of] p1b: Gardevoir\n|move|p1a: Groudon|Heat Crash|p2a: Landorus\n|-damage|p2a: Landorus|0 fnt\n|faint|p2a: Landorus\n|move|p2b: Lunala|Meteor Beam||[still]\n|-prepare|p2b: Lunala|Meteor Beam\n|-boost|p2b: Lunala|spa|1\n|-enditem|p2b: Lunala|Power Herb\n|-anim|p2b: Lunala|Meteor Beam|p1a: Groudon\n|-supereffective|p1a: Groudon\n|-damage|p1a: Groudon|0 fnt\n|faint|p1a: Groudon\n|\n|-weather|SunnyDay|[upkeep]\n|upkeep\n|-message|powpowP0WER forfeited.\n|\n|win|bullgod4ever\n|raw|powpowP0WER's rating: 1350 &rarr; <strong>1339</strong><br />(-11 for losing)\n|raw|bullgod4ever's rating: 1518 &rarr; <strong>1529</strong><br />(+11 for winning)\n|l|\u2606powpowP0WER\n|player|p1|\n|l|\u2606bullgod4ever\n|player|p2|\n","uploadtime":1774488251,"views":12,"formatid":"gen9vgc2026regi","rating":1339,"private":0,"password":null}