{"id":"gen9vgc2026regi-2569050456","format":"[Gen 9] VGC 2026 Reg I","players":["conniecut","messi-05"],"log":"|j|\u2606conniecut\n|j|\u2606messi-05\n|t:|1774644227\n|gametype|doubles\n|player|p1|conniecut|lady|1270\n|player|p2|messi-05|170|1461\n|gen|9\n|tier|[Gen 9] VGC 2026 Reg I\n|rated|\n|rule|Species Clause: Limit one of each Pok\u00e9mon\n|rule|Item Clause: Limit 1 of each item\n|clearpoke\n|poke|p1|Calyrex-Ice, L50|\n|poke|p1|Sentret, L50, M|\n|poke|p1|Ho-Oh, L50|\n|poke|p1|Ursaluna-Bloodmoon, L50, M|\n|poke|p1|Amoonguss, L50, M|\n|poke|p1|Urshifu-*, L50, F|\n|poke|p2|Terapagos, L50, M|\n|poke|p2|Sinistcha, L50|\n|poke|p2|Incineroar, L50, M|\n|poke|p2|Ogerpon-Wellspring, L50, F|\n|poke|p2|Iron Treads, L50|\n|poke|p2|Miraidon, L50|\n|teampreview|4\n|inactive|Battle timer is ON: inactive players will automatically lose when time's up. (requested by messi-05)\n|inactive|messi-05 has 60 seconds left.\n|\n|t:|1774644275\n|teamsize|p1|4\n|teamsize|p2|4\n|start\n|switch|p1a: Calyrex|Calyrex-Ice, L50|100/100\n|switch|p1b: Sentret|Sentret, L50, M|100/100\n|switch|p2a: Terapagos|Terapagos, L50, M|100/100\n|switch|p2b: Miraidon|Miraidon, L50|100/100\n|-activate|p2a: Terapagos|ability: Tera Shift\n|detailschange|p2a: Terapagos|Terapagos-Terastal, L50, M\n|-heal|p2a: Terapagos|100/100|[silent]\n|-ability|p1a: Calyrex|As One\n|-ability|p1a: Calyrex|Unnerve\n|-fieldstart|move: Electric Terrain|[from] ability: Hadron Engine|[of] p2b: Miraidon\n|-enditem|p2a: Terapagos|Electric Seed\n|-boost|p2a: Terapagos|def|1|[from] item: Electric Seed\n|-item|p2b: Miraidon|Choice Scarf|[from] ability: Frisk|[of] p1b: Sentret\n|turn|1\n|inactive|conniecut has 30 seconds left.\n|\n|t:|1774644302\n|move|p1b: Sentret|Follow Me|p1b: Sentret\n|-singleturn|p1b: Sentret|move: Follow Me\n|move|p2b: Miraidon|Volt Switch|p1b: Sentret\n|-enditem|p1b: Sentret|Focus Sash\n|-damage|p1b: Sentret|1/100\n|\n|t:|1774644308\n|switch|p2b: Incineroar|Incineroar, L50, M|100/100|[from] Volt Switch\n|-ability|p2b: Incineroar|Intimidate|boost\n|-unboost|p1a: Calyrex|atk|1\n|-unboost|p1b: Sentret|atk|1\n|move|p2a: Terapagos|Calm Mind|p2a: Terapagos\n|-boost|p2a: Terapagos|spa|1\n|-boost|p2a: Terapagos|spd|1\n|move|p1a: Calyrex|Trick Room|p1a: Calyrex\n|-fieldstart|move: Trick Room|[of] p1a: Calyrex\n|\n|upkeep\n|turn|2\n|\n|t:|1774644324\n|-terastallize|p2a: Terapagos|Stellar\n|detailschange|p2a: Terapagos|Terapagos-Stellar, L50, M, tera:Stellar\n|-heal|p2a: Terapagos|100/100|[silent]\n|-ability|p2a: Terapagos|Teraform Zero\n|-fieldend|move: Electric Terrain\n|move|p1b: Sentret|Protect|p1b: Sentret\n|-singleturn|p1b: Sentret|Protect\n|move|p1a: Calyrex|Protect|p1a: Calyrex\n|-singleturn|p1a: Calyrex|Protect\n|move|p2b: Incineroar|Fake Out|p1a: Calyrex\n|-activate|p1a: Calyrex|move: Protect\n|move|p2a: Terapagos|Tera Starstorm|p1b: Sentret|[spread] \n|-activate|p1a: Calyrex|move: Protect\n|-activate|p1b: Sentret|move: Protect\n|\n|upkeep\n|turn|3\n|\n|t:|1774644342\n|move|p1b: Sentret|Endeavor|p2a: Terapagos\n|-damage|p2a: Terapagos|1/100\n|move|p1a: Calyrex|Glacial Lance|p2a: Terapagos|[spread] p2a,p2b\n|-resisted|p2b: Incineroar\n|-crit|p2b: Incineroar\n|-damage|p2a: Terapagos|0 fnt\n|-damage|p2b: Incineroar|50/100\n|faint|p2a: Terapagos\n|detailschange|p2: Terapagos|Terapagos, L50, M|[silent]\n|-ability|p1a: Calyrex|Chilling Neigh|boost\n|-boost|p1a: Calyrex|atk|1\n|move|p2b: Incineroar|Flare Blitz|p1a: Calyrex\n|-supereffective|p1a: Calyrex\n|-damage|p1a: Calyrex|33/100\n|-damage|p2b: Incineroar|28/100|[from] Recoil\n|\n|upkeep\n|\n|t:|1774644354\n|switch|p2a: Ogerpon|Ogerpon-Wellspring, L50, F|100/100\n|turn|4\n|\n|t:|1774644357\n|move|p2a: Ogerpon|Spiky Shield|p2a: Ogerpon\n|-singleturn|p2a: Ogerpon|move: Protect\n|move|p1b: Sentret|Endeavor|p2a: Ogerpon\n|-activate|p2a: Ogerpon|move: Protect\n|-damage|p1b: Sentret|0 fnt|[from] Spiky Shield|[of] p2a: Ogerpon\n|faint|p1b: Sentret\n|move|p1a: Calyrex|Glacial Lance|p2a: Ogerpon|[spread] p2b\n|-activate|p2a: Ogerpon|move: Protect\n|-resisted|p2b: Incineroar\n|-damage|p2b: Incineroar|0 fnt\n|faint|p2b: Incineroar\n|-ability|p1a: Calyrex|Chilling Neigh|boost\n|-boost|p1a: Calyrex|atk|1\n|\n|upkeep\n|-message|messi-05 forfeited.\n|\n|win|conniecut\n|raw|conniecut's rating: 1270 &rarr; <strong>1308</strong><br />(+38 for winning)\n|raw|messi-05's rating: 1461 &rarr; <strong>1431</strong><br />(-30 for losing)\n|l|\u2606messi-05\n|player|p2|\n|l|\u2606conniecut\n|player|p1|\n","uploadtime":1774644640,"views":10,"formatid":"gen9vgc2026regi","rating":1308,"private":0,"password":null}