{"id":"gen9vgc2026regi-2570196274","format":"[Gen 9] VGC 2026 Reg I","players":["chenxiangruxie","xjazuu"],"log":"|j|\u2606chenxiangruxie\n|j|\u2606xjazuu\n|t:|1774787095\n|gametype|doubles\n|player|p1|chenxiangruxie|dawn-gen4pt|1571\n|player|p2|xjazuu|youngcouple|1501\n|gen|9\n|tier|[Gen 9] VGC 2026 Reg I\n|rated|\n|rule|Species Clause: Limit one of each Pok\u00e9mon\n|rule|Item Clause: Limit 1 of each item\n|clearpoke\n|poke|p1|Tornadus, L50, M|\n|poke|p1|Miraidon, L50|\n|poke|p1|Iron Moth, L50|\n|poke|p1|Urshifu-*, L50, F|\n|poke|p1|Calyrex-Ice, L50|\n|poke|p1|Landorus, L50, M|\n|poke|p2|Calyrex-Ice, L50|\n|poke|p2|Miraidon, L50|\n|poke|p2|Urshifu-*, L50, F|\n|poke|p2|Grimmsnarl, L50, M|\n|poke|p2|Pelipper, L50, M|\n|poke|p2|Farigiraf, L50, F|\n|teampreview|4\n|inactive|Battle timer is ON: inactive players will automatically lose when time's up. (requested by xjazuu)\n|\n|t:|1774787128\n|teamsize|p1|4\n|teamsize|p2|4\n|start\n|switch|p1a: Tornadus|Tornadus, L50, M|100/100\n|switch|p1b: Calyrex|Calyrex-Ice, L50|100/100\n|switch|p2a: Urshifu|Urshifu-Rapid-Strike, L50, F|100/100\n|switch|p2b: Miraidon|Miraidon, L50|100/100\n|-ability|p1b: Calyrex|As One\n|-ability|p1b: Calyrex|Unnerve\n|-fieldstart|move: Electric Terrain|[from] ability: Hadron Engine|[of] p2b: Miraidon\n|turn|1\n|\n|t:|1774787149\n|-terastallize|p1b: Calyrex|Grass\n|move|p1a: Tornadus|Tailwind|p1a: Tornadus\n|-sidestart|p1: chenxiangruxie|move: Tailwind\n|move|p1b: Calyrex|Seed Bomb|p2a: Urshifu\n|-supereffective|p2a: Urshifu\n|-damage|p2a: Urshifu|4/100\n|move|p2b: Miraidon|Volt Switch|p1a: Tornadus\n|-supereffective|p1a: Tornadus\n|-enditem|p1a: Tornadus|Focus Sash\n|-damage|p1a: Tornadus|1/100\n|\n|t:|1774787161\n|switch|p2b: Calyrex|Calyrex-Ice, L50|100/100|[from] Volt Switch\n|-ability|p2b: Calyrex|As One\n|-ability|p2b: Calyrex|Unnerve\n|move|p2a: Urshifu|Coaching|p2b: Calyrex\n|-boost|p2b: Calyrex|atk|1\n|-boost|p2b: Calyrex|def|1\n|\n|upkeep\n|turn|2\n|\n|t:|1774787175\n|move|p1a: Tornadus|Bleakwind Storm|p2b: Calyrex|[spread] p2a,p2b\n|-supereffective|p2a: Urshifu\n|-damage|p2a: Urshifu|0 fnt\n|-damage|p2b: Calyrex|74/100\n|faint|p2a: Urshifu\n|move|p1b: Calyrex|Imprison|p1b: Calyrex\n|-start|p1b: Calyrex|move: Imprison\n|cant|p2b: Calyrex|move: Imprison|Glacial Lance\n|\n|-heal|p2b: Calyrex|80/100|[from] item: Leftovers\n|upkeep\n|inactive|xjazuu has 30 seconds left.\n|inactive|xjazuu has 20 seconds left.\n|inactive|xjazuu has 15 seconds left.\n|\n|t:|1774787217\n|switch|p2a: Grimmsnarl|Grimmsnarl, L50, M|100/100\n|turn|3\n|inactive|xjazuu has 30 seconds left.\n|inactive|xjazuu has 20 seconds left.\n|inactive|xjazuu has 15 seconds left.\n|l|\u2606xjazuu\n|inactive|xjazuu disconnected and has a minute to reconnect!\n|player|p2|\n|inactive|xjazuu has 10 seconds left.\n|inactive|xjazuu has 5 seconds left.\n|-message|xjazuu lost due to inactivity.\n|\n|win|chenxiangruxie\n|raw|chenxiangruxie's rating: 1571 &rarr; <strong>1587</strong><br />(+16 for winning)\n|raw|xjazuu's rating: 1501 &rarr; <strong>1485</strong><br />(-16 for losing)\n|l|\u2606chenxiangruxie\n|player|p1|\n|j|\u2606xjazuu\n|player|p2|xjazuu|youngcouple|\n|l|\u2606xjazuu\n|player|p2|\n","uploadtime":1774787528,"views":13,"formatid":"gen9vgc2026regi","rating":1485,"private":0,"password":null}