{"id":"gen9vgc2026regi-2574883801","format":"[Gen 9] VGC 2026 Reg I","players":["QQ988","BanKingambit69247"],"log":"|j|\u2606QQ988\n|j|\u2606BanKingambit69247\n|t:|1775289766\n|gametype|doubles\n|player|p1|QQ988|169|1439\n|player|p2|BanKingambit69247|lucas|1610\n|gen|9\n|tier|[Gen 9] VGC 2026 Reg I\n|rated|\n|rule|Species Clause: Limit one of each Pok\u00e9mon\n|rule|Item Clause: Limit 1 of each item\n|clearpoke\n|poke|p1|Miraidon, L50|\n|poke|p1|Zamazenta-*, L50|\n|poke|p1|Chien-Pao, L50|\n|poke|p1|Dragonite, L50, F|\n|poke|p1|Volcarona, L50, F|\n|poke|p1|Incineroar, L50, F|\n|poke|p2|Calyrex-Shadow, L50|\n|poke|p2|Zamazenta-*, L50|\n|poke|p2|Chien-Pao, L50|\n|poke|p2|Ogerpon-Wellspring, L50, F|\n|poke|p2|Smeargle, L50, M|\n|poke|p2|Indeedee-F, L50, F|\n|teampreview|4\n|inactive|Battle timer is ON: inactive players will automatically lose when time's up. (requested by BanKingambit69247)\n|inactive|QQ988 has 60 seconds left.\n|\n|t:|1775289821\n|teamsize|p1|4\n|teamsize|p2|4\n|start\n|switch|p1a: Miraidon|Miraidon, L50|100/100\n|switch|p1b: Incineroar|Incineroar, L50, F|100/100\n|switch|p2a: \u6211\u5927\u54e5|Smeargle, L50, M|100/100\n|switch|p2b: \u8bf6\u4f60\u600e\u4e48\u6b7b\u4e86?\u267f\u267f\u267f|Calyrex-Shadow, L50|100/100\n|-ability|p2b: \u8bf6\u4f60\u600e\u4e48\u6b7b\u4e86?\u267f\u267f\u267f|As One\n|-ability|p2b: \u8bf6\u4f60\u600e\u4e48\u6b7b\u4e86?\u267f\u267f\u267f|Unnerve\n|-fieldstart|move: Electric Terrain|[from] ability: Hadron Engine|[of] p1a: Miraidon\n|-ability|p1b: Incineroar|Intimidate|boost\n|-unboost|p2a: \u6211\u5927\u54e5|atk|1\n|-unboost|p2b: \u8bf6\u4f60\u600e\u4e48\u6b7b\u4e86?\u267f\u267f\u267f|atk|1\n|turn|1\n|inactive|QQ988 has 30 seconds left.\n|inactive|QQ988 has 20 seconds left.\n|inactive|QQ988 has 15 seconds left.\n|\n|t:|1775289864\n|-terastallize|p2b: \u8bf6\u4f60\u600e\u4e48\u6b7b\u4e86?\u267f\u267f\u267f|Ghost\n|move|p2a: \u6211\u5927\u54e5|Fake Out|p1a: Miraidon\n|-damage|p1a: Miraidon|93/100\n|cant|p1a: Miraidon|flinch\n|move|p2b: \u8bf6\u4f60\u600e\u4e48\u6b7b\u4e86?\u267f\u267f\u267f|Astral Barrage|p1a: Miraidon|[spread] p1a,p1b\n|-resisted|p1b: Incineroar\n|-damage|p1a: Miraidon|4/100\n|-damage|p1b: Incineroar|66/100\n|move|p1b: Incineroar|Knock Off|p2b: \u8bf6\u4f60\u600e\u4e48\u6b7b\u4e86?\u267f\u267f\u267f\n|-supereffective|p2b: \u8bf6\u4f60\u600e\u4e48\u6b7b\u4e86?\u267f\u267f\u267f\n|-damage|p2b: \u8bf6\u4f60\u600e\u4e48\u6b7b\u4e86?\u267f\u267f\u267f|0 fnt\n|-enditem|p2b: \u8bf6\u4f60\u600e\u4e48\u6b7b\u4e86?\u267f\u267f\u267f|Choice Specs|[from] move: Knock Off|[of] p1b: Incineroar\n|faint|p2b: \u8bf6\u4f60\u600e\u4e48\u6b7b\u4e86?\u267f\u267f\u267f\n|\n|upkeep\n|\n|t:|1775289870\n|switch|p2b: \u5f3a\u8005\u5c31\u662f\u8981\u7f9e\u8fb1\u5f31\u8005\ud83d\udc36\ud83d\udc36\ud83d\udc36|Zamazenta-Crowned, L50|100/100\n|-ability|p2b: \u5f3a\u8005\u5c31\u662f\u8981\u7f9e\u8fb1\u5f31\u8005\ud83d\udc36\ud83d\udc36\ud83d\udc36|Dauntless Shield|boost\n|-boost|p2b: \u5f3a\u8005\u5c31\u662f\u8981\u7f9e\u8fb1\u5f31\u8005\ud83d\udc36\ud83d\udc36\ud83d\udc36|def|1\n|turn|2\n|\n|t:|1775289893\n|switch|p1a: Volcarona|Volcarona, L50, F|100/100\n|-terastallize|p1b: Incineroar|Water\n|move|p2a: \u6211\u5927\u54e5|Feint|p1a: Volcarona\n|-damage|p1a: Volcarona|94/100\n|move|p2b: \u5f3a\u8005\u5c31\u662f\u8981\u7f9e\u8fb1\u5f31\u8005\ud83d\udc36\ud83d\udc36\ud83d\udc36|Body Press|p1b: Incineroar\n|-damage|p1b: Incineroar|0 fnt\n|faint|p1b: Incineroar\n|\n|upkeep\n|\n|t:|1775289906\n|switch|p1b: Miraidon|Miraidon, L50|4/100\n|-activate|p1b: Miraidon|ability: Hadron Engine\n|turn|3\n|\n|t:|1775289912\n|move|p2a: \u6211\u5927\u54e5|Feint|p1b: Miraidon\n|-damage|p1b: Miraidon|0 fnt\n|faint|p1b: Miraidon\n|move|p2b: \u5f3a\u8005\u5c31\u662f\u8981\u7f9e\u8fb1\u5f31\u8005\ud83d\udc36\ud83d\udc36\ud83d\udc36|Body Press|p1a: Volcarona\n|-resisted|p1a: Volcarona\n|-damage|p1a: Volcarona|61/100\n|-damage|p2b: \u5f3a\u8005\u5c31\u662f\u8981\u7f9e\u8fb1\u5f31\u8005\ud83d\udc36\ud83d\udc36\ud83d\udc36|84/100|[from] item: Rocky Helmet|[of] p1a: Volcarona\n|move|p1a: Volcarona|Flamethrower|p2b: \u5f3a\u8005\u5c31\u662f\u8981\u7f9e\u8fb1\u5f31\u8005\ud83d\udc36\ud83d\udc36\ud83d\udc36\n|-supereffective|p2b: \u5f3a\u8005\u5c31\u662f\u8981\u7f9e\u8fb1\u5f31\u8005\ud83d\udc36\ud83d\udc36\ud83d\udc36\n|-damage|p2b: \u5f3a\u8005\u5c31\u662f\u8981\u7f9e\u8fb1\u5f31\u8005\ud83d\udc36\ud83d\udc36\ud83d\udc36|23/100\n|-status|p2b: \u5f3a\u8005\u5c31\u662f\u8981\u7f9e\u8fb1\u5f31\u8005\ud83d\udc36\ud83d\udc36\ud83d\udc36|brn\n|\n|-damage|p2b: \u5f3a\u8005\u5c31\u662f\u8981\u7f9e\u8fb1\u5f31\u8005\ud83d\udc36\ud83d\udc36\ud83d\udc36|18/100 brn|[from] brn\n|upkeep\n|\n|t:|1775289924\n|switch|p1b: Zamazenta|Zamazenta-Crowned, L50|100/100\n|-ability|p1b: Zamazenta|Dauntless Shield|boost\n|-boost|p1b: Zamazenta|def|1\n|turn|4\n|-message|BanKingambit69247 forfeited.\n|\n|win|QQ988\n|raw|QQ988's rating: 1439 &rarr; <strong>1468</strong><br />(+29 for winning)\n|raw|BanKingambit69247's rating: 1610 &rarr; <strong>1581</strong><br />(-29 for losing)\n","uploadtime":1775289927,"views":10,"formatid":"gen9vgc2026regi","rating":1468,"private":0,"password":null}