{"id":"gen9vgc2026regi-2543054105","format":"[Gen 9] VGC 2026 Reg I","players":["marcxhenry","Rypassed You"],"log":"|j|\u2606marcxhenry\n|j|\u2606Rypassed You\n|t:|1771526275\n|gametype|doubles\n|player|p1|marcxhenry|hilbert-wonderlauncher|1440\n|player|p2|Rypassed You|drayton|1576\n|gen|9\n|tier|[Gen 9] VGC 2026 Reg I\n|rated|\n|rule|Species Clause: Limit one of each Pok\u00e9mon\n|rule|Item Clause: Limit 1 of each item\n|clearpoke\n|poke|p1|Calyrex-Shadow, L50|\n|poke|p1|Urshifu-*, L50, M|\n|poke|p1|Roaring Moon, L50|\n|poke|p1|Kyogre, L50|\n|poke|p1|Tsareena, L50, F|\n|poke|p1|Kingambit, L50, M|\n|poke|p2|Kyogre, L50|\n|poke|p2|Miraidon, L50|\n|poke|p2|Tornadus, L50, M|\n|poke|p2|Iron Hands, L50|\n|poke|p2|Farigiraf, L50, F|\n|poke|p2|Urshifu-*, L50, M|\n|teampreview|4\n|inactive|Battle timer is ON: inactive players will automatically lose when time's up. (requested by Rypassed You)\n|\n|t:|1771526288\n|teamsize|p1|4\n|teamsize|p2|4\n|start\n|switch|p1a: Ludwig|Calyrex-Shadow, L50|100/100\n|switch|p1b: Roter Baron|Roaring Moon, L50, shiny|100/100\n|switch|p2a: \u30c8\u30eb\u30cd\u30ed\u30b9|Tornadus, L50, M|100/100\n|switch|p2b: Natalia|Miraidon, L50|100/100\n|-ability|p1a: Ludwig|As One\n|-ability|p1a: Ludwig|Unnerve\n|-fieldstart|move: Electric Terrain|[from] ability: Hadron Engine|[of] p2b: Natalia\n|-enditem|p1b: Roter Baron|Booster Energy\n|-activate|p1b: Roter Baron|ability: Protosynthesis|[fromitem]\n|-start|p1b: Roter Baron|protosynthesisspe\n|turn|1\n|\n|t:|1771526307\n|-terastallize|p1b: Roter Baron|Flying\n|-terastallize|p2b: Natalia|Fairy\n|move|p2a: \u30c8\u30eb\u30cd\u30ed\u30b9|Tailwind|p2a: \u30c8\u30eb\u30cd\u30ed\u30b9\n|-sidestart|p2: Rypassed You|move: Tailwind\n|move|p2b: Natalia|Dazzling Gleam|p1b: Roter Baron|[spread] p1a,p1b\n|-damage|p1a: Ludwig|32/100\n|-damage|p1b: Roter Baron|37/100\n|move|p1b: Roter Baron|Knock Off|p2a: \u30c8\u30eb\u30cd\u30ed\u30b9\n|-damage|p2a: \u30c8\u30eb\u30cd\u30ed\u30b9|27/100\n|-enditem|p2a: \u30c8\u30eb\u30cd\u30ed\u30b9|Focus Sash|[from] move: Knock Off|[of] p1b: Roter Baron\n|move|p1a: Ludwig|Trick Room|p1a: Ludwig\n|-fieldstart|move: Trick Room|[of] p1a: Ludwig\n|\n|upkeep\n|turn|2\n|c|\u2606Rypassed You|FUCK\n|c|\u2606marcxhenry|rypassed what\n|\n|t:|1771526332\n|move|p1a: Ludwig|Astral Barrage|p2b: Natalia|[spread] p2a,p2b\n|-damage|p2a: \u30c8\u30eb\u30cd\u30ed\u30b9|0 fnt\n|-damage|p2b: Natalia|54/100\n|faint|p2a: \u30c8\u30eb\u30cd\u30ed\u30b9\n|-ability|p1a: Ludwig|Grim Neigh|boost\n|-boost|p1a: Ludwig|spa|1\n|move|p1b: Roter Baron|Acrobatics|p2b: Natalia\n|-damage|p2b: Natalia|1/100\n|move|p2b: Natalia|Dazzling Gleam|p1b: Roter Baron|[spread] p1a,p1b\n|-damage|p1a: Ludwig|0 fnt\n|-damage|p1b: Roter Baron|0 fnt\n|faint|p1a: Ludwig\n|faint|p1b: Roter Baron\n|-end|p1b: Roter Baron|Protosynthesis|[silent]\n|\n|upkeep\n|\n|t:|1771526345\n|switch|p2a: George|Urshifu-Rapid-Strike, L50, M|100/100\n|switch|p1b: Hitmonshe|Tsareena, L50, F, shiny|100/100\n|switch|p1a: Tripitz|Kyogre, L50, shiny|100/100\n|-weather|RainDance|[from] ability: Drizzle|[of] p1a: Tripitz\n|turn|3\n|\n|t:|1771526355\n|move|p1b: Hitmonshe|Power Whip|p2a: George\n|-supereffective|p2a: George\n|-damage|p2a: George|0 fnt\n|faint|p2a: George\n|move|p1a: Tripitz|Water Spout|p2b: Natalia\n|-damage|p2b: Natalia|0 fnt\n|faint|p2b: Natalia\n|\n|-weather|RainDance|[upkeep]\n|upkeep\n|\n|t:|1771526361\n|switch|p2a: Dhruva|Kyogre, L50|100/100\n|turn|4\n|-message|Rypassed You forfeited.\n|\n|win|marcxhenry\n|raw|marcxhenry's rating: 1440 &rarr; <strong>1467</strong><br />(+27 for winning)\n|raw|Rypassed You's rating: 1576 &rarr; <strong>1549</strong><br />(-27 for losing)\n|l|\u2606Rypassed You\n|player|p2|\n|l|\u2606marcxhenry\n|player|p1|\n","uploadtime":1771526610,"views":17,"formatid":"gen9vgc2026regi","rating":1467,"private":0,"password":null}