{"id":"gen9vgc2026regi-2530902732","format":"[Gen 9] VGC 2026 Reg I","players":["marcxhenry","dogpeg"],"log":"|j|\u2606marcxhenry\n|j|\u2606dogpeg\n|t:|1769985329\n|gametype|doubles\n|player|p1|marcxhenry|hilbert-wonderlauncher|1550\n|player|p2|dogpeg|169|1409\n|gen|9\n|tier|[Gen 9] VGC 2026 Reg I\n|rated|\n|rule|Species Clause: Limit one of each Pok\u00e9mon\n|rule|Item Clause: Limit 1 of each item\n|clearpoke\n|poke|p1|Calyrex-Shadow, L50|\n|poke|p1|Urshifu-*, L50, M|\n|poke|p1|Roaring Moon, L50|\n|poke|p1|Kyogre, L50|\n|poke|p1|Tsareena, L50, F|\n|poke|p1|Kingambit, L50, M|\n|poke|p2|Miraidon, L50|\n|poke|p2|Lunala, L50|\n|poke|p2|Incineroar, L50, M|\n|poke|p2|Ursaluna, L50, M|\n|poke|p2|Whimsicott, L50, F|\n|poke|p2|Urshifu-*, L50, M|\n|teampreview|4\n|\n|t:|1769985372\n|teamsize|p1|4\n|teamsize|p2|4\n|start\n|switch|p1a: Tripitz|Kyogre, L50, shiny|100/100\n|switch|p1b: Eva|Tsareena, L50, F, shiny|100/100\n|switch|p2a: Miraidon|Miraidon, L50|100/100\n|switch|p2b: Lunala|Lunala, L50|100/100\n|-fieldstart|move: Electric Terrain|[from] ability: Hadron Engine|[of] p2a: Miraidon\n|-enditem|p2b: Lunala|Electric Seed\n|-boost|p2b: Lunala|def|1|[from] item: Electric Seed\n|-weather|RainDance|[from] ability: Drizzle|[of] p1a: Tripitz\n|turn|1\n|\n|t:|1769985392\n|-terastallize|p2a: Miraidon|Fairy\n|-terastallize|p1a: Tripitz|Ground\n|move|p2b: Lunala|Wide Guard|p2b: Lunala\n|-singleturn|p2b: Lunala|Wide Guard\n|move|p2a: Miraidon|Dazzling Gleam|p1a: Tripitz|[spread] p1a,p1b\n|-damage|p1a: Tripitz|54/100\n|-damage|p1b: Eva|20/100\n|move|p1a: Tripitz|Hydro Pump|p2a: Miraidon\n|-damage|p2a: Miraidon|0 fnt\n|faint|p2a: Miraidon\n|move|p1b: Eva|Triple Axel|p2b: Lunala\n|-damage|p2b: Lunala|98/100\n|-damage|p2b: Lunala|91/100\n|-damage|p2b: Lunala|80/100\n|-hitcount|p2b: Lunala|3\n|\n|-weather|RainDance|[upkeep]\n|upkeep\n|j| lunala fairy ghost\n|\n|t:|1769985410\n|switch|p2a: Ursaluna|Ursaluna, L50, M|100/100\n|turn|2\n|\n|t:|1769985418\n|move|p2a: Ursaluna|Protect|p2a: Ursaluna\n|-singleturn|p2a: Ursaluna|Protect\n|move|p1a: Tripitz|Origin Pulse|p2a: Ursaluna|[spread] p2b\n|-activate|p2a: Ursaluna|move: Protect\n|-damage|p2b: Lunala|17/100\n|move|p1b: Eva|Taunt|p2b: Lunala\n|-start|p2b: Lunala|move: Taunt\n|cant|p2b: Lunala|move: Taunt|Trick Room\n|\n|-weather|RainDance|[upkeep]\n|-status|p2a: Ursaluna|brn|[from] item: Flame Orb\n|upkeep\n|turn|3\n|\n|t:|1769985433\n|switch|p2b: Incineroar|Incineroar, L50, M|100/100\n|-ability|p2b: Incineroar|Intimidate|boost\n|-unboost|p1a: Tripitz|atk|1\n|-unboost|p1b: Eva|atk|1\n|switch|p1b: Ludwig|Calyrex-Shadow, L50|100/100\n|-ability|p1b: Ludwig|As One\n|-ability|p1b: Ludwig|Unnerve\n|move|p2a: Ursaluna|Protect||[still]\n|-fail|p2a: Ursaluna\n|move|p1a: Tripitz|Water Spout|p2b: Incineroar|[spread] p2a,p2b\n|-supereffective|p2a: Ursaluna\n|-supereffective|p2b: Incineroar\n|-damage|p2a: Ursaluna|0 fnt\n|-damage|p2b: Incineroar|0 fnt\n|faint|p2a: Ursaluna\n|faint|p2b: Incineroar\n|\n|-weather|RainDance|[upkeep]\n|upkeep\n|l| lunala fairy ghost\n|-message|dogpeg forfeited.\n|\n|win|marcxhenry\n|raw|marcxhenry's rating: 1550 &rarr; <strong>1562</strong><br />(+12 for winning)\n|raw|dogpeg's rating: 1409 &rarr; <strong>1397</strong><br />(-12 for losing)\n|l|\u2606dogpeg\n|player|p2|\n|l|\u2606marcxhenry\n|player|p1|\n","uploadtime":1769985665,"views":15,"formatid":"gen9vgc2026regi","rating":1397,"private":0,"password":null}