{"id":"gen9vgc2026regi-2544197631","format":"[Gen 9] VGC 2026 Reg I","players":["Tepig_nNz_498","VJ2511"],"log":"|j|\u2606Tepig_nNz_498\n|j|\u2606VJ2511\n|t:|1771676365\n|gametype|doubles\n|player|p1|Tepig_nNz_498|170|1314\n|player|p2|VJ2511|red-masters3|1559\n|gen|9\n|tier|[Gen 9] VGC 2026 Reg I\n|rated|\n|rule|Species Clause: Limit one of each Pok\u00e9mon\n|rule|Item Clause: Limit 1 of each item\n|clearpoke\n|poke|p1|Whimsicott, L50, F|\n|poke|p1|Reshiram, L50|\n|poke|p1|Incineroar, L50, M|\n|poke|p1|Lilligant-Hisui, L50, F|\n|poke|p1|Brute Bonnet, L50|\n|poke|p1|Koraidon, L50|\n|poke|p2|Terapagos, L50, M|\n|poke|p2|Iron Hands, L50|\n|poke|p2|Grimmsnarl, L50, M|\n|poke|p2|Urshifu-*, L50, F|\n|poke|p2|Flutter Mane, L50|\n|poke|p2|Chi-Yu, L50|\n|teampreview|4\n|inactive|Battle timer is ON: inactive players will automatically lose when time's up. (requested by VJ2511)\n|inactive|Tepig_nNz_498 has 60 seconds left.\n|inactive|Tepig_nNz_498 has 30 seconds left.\n|\n|t:|1771676430\n|teamsize|p1|4\n|teamsize|p2|4\n|start\n|switch|p1a: Whimsicott|Whimsicott, L50, F|100/100\n|switch|p1b: Koraidon|Koraidon, L50|100/100\n|switch|p2a: Flutter Mane|Flutter Mane, L50|100/100\n|switch|p2b: Chi-Yu|Chi-Yu, L50|100/100\n|-weather|SunnyDay|[from] ability: Orichalcum Pulse|[of] p1b: Koraidon\n|-activate|p2a: Flutter Mane|ability: Protosynthesis\n|-start|p2a: Flutter Mane|protosynthesisspe\n|-activate|p1b: Koraidon|Orichalcum Pulse|[source]\n|-ability|p2b: Chi-Yu|Beads of Ruin\n|turn|1\n|inactive|VJ2511 has 30 seconds left.\n|\n|t:|1771676456\n|move|p1a: Whimsicott|Tailwind|p1a: Whimsicott\n|-sidestart|p1: Tepig_nNz_498|move: Tailwind\n|move|p1b: Koraidon|Flare Blitz|p2a: Flutter Mane\n|-damage|p2a: Flutter Mane|0 fnt\n|faint|p2a: Flutter Mane\n|-end|p2a: Flutter Mane|Protosynthesis|[silent]\n|-damage|p1b: Koraidon|71/100|[from] Recoil\n|move|p2b: Chi-Yu|Heat Wave|p1a: Whimsicott|[spread] p1a,p1b\n|-supereffective|p1a: Whimsicott\n|-resisted|p1b: Koraidon\n|-damage|p1a: Whimsicott|0 fnt\n|-damage|p1b: Koraidon|35/100\n|faint|p1a: Whimsicott\n|\n|-weather|SunnyDay|[upkeep]\n|upkeep\n|\n|t:|1771676470\n|switch|p2a: Terapagos|Terapagos, L50, M|100/100\n|switch|p1a: Reshiram|Reshiram, L50|100/100\n|-activate|p2a: Terapagos|ability: Tera Shift\n|detailschange|p2a: Terapagos|Terapagos-Terastal, L50, M\n|-heal|p2a: Terapagos|100/100|[silent]\n|-ability|p1a: Reshiram|Turboblaze\n|turn|2\n|\n|t:|1771676484\n|-terastallize|p2a: Terapagos|Stellar\n|detailschange|p2a: Terapagos|Terapagos-Stellar, L50, M, tera:Stellar\n|-heal|p2a: Terapagos|100/100|[silent]\n|-ability|p2a: Terapagos|Teraform Zero\n|-weather|none\n|move|p1b: Koraidon|Close Combat|p2b: Chi-Yu\n|-supereffective|p2b: Chi-Yu\n|-enditem|p2b: Chi-Yu|Focus Sash\n|-damage|p2b: Chi-Yu|1/100\n|-unboost|p1b: Koraidon|def|1\n|-unboost|p1b: Koraidon|spd|1\n|-enditem|p1b: Koraidon|Eject Pack\n|\n|t:|1771676499\n|switch|p1b: Incineroar|Incineroar, L50, M|100/100\n|-ability|p1b: Incineroar|Intimidate|boost\n|-unboost|p2a: Terapagos|atk|1\n|-unboost|p2b: Chi-Yu|atk|1\n|move|p1a: Reshiram|Heat Wave|p2a: Terapagos|[spread] p2a,p2b\n|-resisted|p2b: Chi-Yu\n|-damage|p2a: Terapagos|43/100\n|-damage|p2b: Chi-Yu|0 fnt\n|faint|p2b: Chi-Yu\n|-damage|p1a: Reshiram|91/100|[from] item: Life Orb\n|move|p2a: Terapagos|Tera Starstorm|p1b: Incineroar|[spread] p1a,p1b\n|-damage|p1a: Reshiram|44/100\n|-damage|p1b: Incineroar|54/100\n|\n|upkeep\n|\n|t:|1771676506\n|switch|p2b: Iron Hands|Iron Hands, L50|100/100\n|turn|3\n|inactive|Tepig_nNz_498 has 30 seconds left.\n|\n|t:|1771676539\n|-terastallize|p1a: Reshiram|Fire\n|move|p1b: Incineroar|Fake Out|p2b: Iron Hands\n|-damage|p2b: Iron Hands|93/100\n|cant|p2b: Iron Hands|flinch\n|move|p1a: Reshiram|Heat Wave|p2b: Iron Hands|[spread] p2a,p2b\n|-damage|p2a: Terapagos|0 fnt\n|-damage|p2b: Iron Hands|52/100\n|faint|p2a: Terapagos\n|detailschange|p2: Terapagos|Terapagos, L50, M|[silent]\n|-damage|p1a: Reshiram|35/100|[from] item: Life Orb\n|\n|upkeep\n|turn|4\n|-message|VJ2511 forfeited.\n|\n|win|Tepig_nNz_498\n|raw|Tepig_nNz_498's rating: 1314 &rarr; <strong>1346</strong><br />(+32 for winning)\n|raw|VJ2511's rating: 1559 &rarr; <strong>1527</strong><br />(-32 for losing)\n|l|\u2606VJ2511\n|player|p2|\n|l|\u2606Tepig_nNz_498\n|player|p1|\n","uploadtime":1771676740,"views":13,"formatid":"gen9vgc2026regi","rating":1346,"private":0,"password":null}