{"id":"gen9vgc2026regi-2530570746","format":"[Gen 9] VGC 2026 Reg I","players":["blackred123","Tepig_nNz_498"],"log":"|j|\u2606blackred123\n|j|\u2606Tepig_nNz_498\n|t:|1769941610\n|gametype|doubles\n|player|p1|blackred123|iono-masters|1379\n|player|p2|Tepig_nNz_498|2|1320\n|gen|9\n|tier|[Gen 9] VGC 2026 Reg I\n|rated|\n|rule|Species Clause: Limit one of each Pok\u00e9mon\n|rule|Item Clause: Limit 1 of each item\n|clearpoke\n|poke|p1|Calyrex-Shadow, L50|\n|poke|p1|Zamazenta-*, L50|\n|poke|p1|Roaring Moon, L50|\n|poke|p1|Maushold-Four, L50|\n|poke|p1|Weezing, L50, M|\n|poke|p1|Amoonguss, L50, F|\n|poke|p2|Indeedee-F, L50, F|\n|poke|p2|Calyrex-Shadow, L50|\n|poke|p2|Meowstic, L50, M|\n|poke|p2|Clefairy, L50, F|\n|poke|p2|Lunala, L50|\n|poke|p2|Iron Boulder, L50|\n|teampreview|4\n|inactive|Battle timer is ON: inactive players will automatically lose when time's up. (requested by blackred123)\n|\n|t:|1769941633\n|teamsize|p1|4\n|teamsize|p2|4\n|start\n|switch|p1a: Zamazenta|Zamazenta-Crowned, L50|100/100\n|switch|p1b: Roaring Moon|Roaring Moon, L50, shiny|100/100\n|switch|p2a: Lunala|Lunala, L50|100/100\n|switch|p2b: Indeedee|Indeedee-F, L50, F|100/100\n|-ability|p1a: Zamazenta|Dauntless Shield|boost\n|-boost|p1a: Zamazenta|def|1\n|-fieldstart|move: Psychic Terrain|[from] ability: Psychic Surge|[of] p2b: Indeedee\n|-enditem|p2b: Indeedee|Psychic Seed\n|-boost|p2b: Indeedee|spd|1|[from] item: Psychic Seed\n|-enditem|p1b: Roaring Moon|Booster Energy\n|-activate|p1b: Roaring Moon|ability: Protosynthesis|[fromitem]\n|-start|p1b: Roaring Moon|protosynthesisspe\n|turn|1\n|inactive|Tepig_nNz_498 has 30 seconds left.\n|\n|t:|1769941658\n|-terastallize|p2a: Lunala|Fairy\n|move|p2b: Indeedee|Follow Me|p2b: Indeedee\n|-singleturn|p2b: Indeedee|move: Follow Me\n|move|p1b: Roaring Moon|Knock Off|p2b: Indeedee\n|-supereffective|p2b: Indeedee\n|-damage|p2b: Indeedee|38/100\n|move|p1a: Zamazenta|Body Press|p2b: Indeedee\n|-damage|p2b: Indeedee|0 fnt\n|faint|p2b: Indeedee\n|move|p2a: Lunala|Moonblast|p1b: Roaring Moon\n|-supereffective|p1b: Roaring Moon\n|-damage|p1b: Roaring Moon|0 fnt\n|faint|p1b: Roaring Moon\n|-end|p1b: Roaring Moon|Protosynthesis|[silent]\n|\n|upkeep\n|\n|t:|1769941673\n|switch|p1b: Calyrex|Calyrex-Shadow, L50|100/100\n|switch|p2b: Iron Boulder|Iron Boulder, L50|100/100\n|-ability|p1b: Calyrex|As One\n|-ability|p1b: Calyrex|Unnerve\n|-enditem|p2b: Iron Boulder|Booster Energy\n|-activate|p2b: Iron Boulder|ability: Quark Drive|[fromitem]\n|-start|p2b: Iron Boulder|quarkdrivespe\n|turn|2\n|\n|t:|1769941694\n|-terastallize|p1b: Calyrex|Ghost\n|move|p2a: Lunala|Wide Guard|p2a: Lunala\n|-singleturn|p2a: Lunala|Wide Guard\n|move|p2b: Iron Boulder|Mighty Cleave|p1b: Calyrex\n|-crit|p1b: Calyrex\n|-damage|p1b: Calyrex|23/100\n|move|p1b: Calyrex|Astral Barrage|p2a: Lunala|[spread] \n|-activate|p2a: Lunala|move: Wide Guard\n|-activate|p2b: Iron Boulder|move: Wide Guard\n|move|p1a: Zamazenta|Heavy Slam|p2a: Lunala\n|-supereffective|p2a: Lunala\n|-damage|p2a: Lunala|61/100\n|\n|upkeep\n|turn|3\n|inactive|Tepig_nNz_498 has 30 seconds left.\n|\n|t:|1769941726\n|switch|p1b: Maushold|Maushold-Four, L50|100/100\n|move|p2b: Iron Boulder|Psycho Cut|p1b: Maushold\n|-damage|p1b: Maushold|57/100\n|move|p1a: Zamazenta|Heavy Slam|p2a: Lunala\n|-supereffective|p2a: Lunala\n|-damage|p2a: Lunala|0 fnt\n|faint|p2a: Lunala\n|\n|upkeep\n|\n|t:|1769941735\n|switch|p2a: Calyrex|Calyrex-Shadow, L50|100/100\n|-ability|p2a: Calyrex|As One\n|-ability|p2a: Calyrex|Unnerve\n|turn|4\n|inactive|blackred123 has 30 seconds left.\n|inactive|Tepig_nNz_498 has 30 seconds left.\n|\n|t:|1769941773\n|move|p1b: Maushold|Helping Hand|p1a: Zamazenta\n|-singleturn|p1a: Zamazenta|Helping Hand|[of] p1b: Maushold\n|move|p2b: Iron Boulder|Bulldoze|p1a: Zamazenta|[spread] p2a,p1a,p1b\n|-supereffective|p1a: Zamazenta\n|-damage|p2a: Calyrex|86/100\n|-damage|p1a: Zamazenta|94/100\n|-damage|p1b: Maushold|42/100\n|-unboost|p2a: Calyrex|spe|1\n|-unboost|p1a: Zamazenta|spe|1\n|move|p2a: Calyrex|Expanding Force|p1b: Maushold|[spread] p1a,p1b\n|-damage|p1a: Zamazenta|58/100\n|-damage|p1b: Maushold|0 fnt\n|faint|p1b: Maushold\n|-ability|p2a: Calyrex|Grim Neigh|boost\n|-boost|p2a: Calyrex|spa|1\n|move|p1a: Zamazenta|Heavy Slam|p2b: Iron Boulder\n|-supereffective|p2b: Iron Boulder\n|-damage|p2b: Iron Boulder|0 fnt\n|faint|p2b: Iron Boulder\n|-end|p2b: Iron Boulder|Quark Drive|[silent]\n|\n|upkeep\n|-message|Tepig_nNz_498 forfeited.\n|\n|win|blackred123\n|raw|blackred123's rating: 1379 &rarr; <strong>1396</strong><br />(+17 for winning)\n|raw|Tepig_nNz_498's rating: 1320 &rarr; <strong>1303</strong><br />(-17 for losing)\n|l|\u2606Tepig_nNz_498\n|player|p2|\n","uploadtime":1769941974,"views":18,"formatid":"gen9vgc2026regi","rating":1303,"private":0,"password":null}