{"id":"gen9vgc2026regi-2590164223","format":"[Gen 9] VGC 2026 Reg I","players":["erk7","jair bolsonaro pr."],"log":"|j|\u2606erk7\n|j|\u2606jair bolsonaro pr.\n|t:|1776790981\n|gametype|doubles\n|player|p1|erk7|2|1451\n|player|p2|jair bolsonaro pr.|101|1623\n|gen|9\n|tier|[Gen 9] VGC 2026 Reg I\n|rated|\n|rule|Species Clause: Limit one of each Pok\u00e9mon\n|rule|Item Clause: Limit 1 of each item\n|clearpoke\n|poke|p1|Volcarona, L50, F|\n|poke|p1|Primarina, L50, F|\n|poke|p1|Hitmontop, L50, M|\n|poke|p1|Necrozma-Dusk-Mane, L50|\n|poke|p1|Tyranitar, L50, M|\n|poke|p1|Zekrom, L50|\n|poke|p2|Miraidon, L50|\n|poke|p2|Calyrex-Ice, L50|\n|poke|p2|Amoonguss, L50, F|\n|poke|p2|Incineroar, L50, F|\n|poke|p2|Urshifu-*, L50, M|\n|poke|p2|Landorus, L50, M|\n|teampreview|4\n|\n|t:|1776791008\n|teamsize|p1|4\n|teamsize|p2|4\n|start\n|switch|p1a: Primarina|Primarina, L50, F|100/100\n|switch|p1b: Hitmontop|Hitmontop, L50, M|100/100\n|switch|p2a: Miraidon|Miraidon, L50|100/100\n|switch|p2b: Incineroar|Incineroar, L50, F|100/100\n|-fieldstart|move: Electric Terrain|[from] ability: Hadron Engine|[of] p2a: Miraidon\n|-ability|p2b: Incineroar|Intimidate|boost\n|-unboost|p1a: Primarina|atk|1\n|-unboost|p1b: Hitmontop|atk|1\n|-ability|p1b: Hitmontop|Intimidate|boost\n|-unboost|p2a: Miraidon|atk|1\n|-unboost|p2b: Incineroar|atk|1\n|turn|1\n|\n|t:|1776791026\n|move|p2b: Incineroar|Fake Out|p1a: Primarina\n|-crit|p1a: Primarina\n|-damage|p1a: Primarina|82/100\n|-damage|p2b: Incineroar|84/100|[from] item: Rocky Helmet|[of] p1a: Primarina\n|move|p1b: Hitmontop|Fake Out|p2a: Miraidon\n|-damage|p2a: Miraidon|96/100\n|cant|p2a: Miraidon|flinch\n|cant|p1a: Primarina|flinch\n|\n|upkeep\n|turn|2\n|\n|t:|1776791043\n|-terastallize|p1a: Primarina|Ground\n|move|p1b: Hitmontop|Wide Guard|p1b: Hitmontop\n|-singleturn|p1b: Hitmontop|Wide Guard\n|move|p2a: Miraidon|Volt Switch|p1a: Primarina\n|-immune|p1a: Primarina\n|move|p2b: Incineroar|U-turn|p1b: Hitmontop\n|-resisted|p1b: Hitmontop\n|-damage|p1b: Hitmontop|94/100\n|-enditem|p1b: Hitmontop|Eject Button\n|\n|t:|1776791057\n|switch|p1b: Necrozma|Necrozma-Dusk-Mane, L50|100/100\n|move|p1a: Primarina|Dazzling Gleam|p2a: Miraidon|[spread] p2a,p2b\n|-supereffective|p2a: Miraidon\n|-damage|p2a: Miraidon|53/100\n|-damage|p2b: Incineroar|67/100\n|\n|upkeep\n|turn|3\n|\n|t:|1776791083\n|move|p1b: Necrozma|Protect|p1b: Necrozma\n|-singleturn|p1b: Necrozma|Protect\n|move|p2a: Miraidon|Volt Switch|p1b: Necrozma\n|-activate|p1b: Necrozma|move: Protect\n|move|p2b: Incineroar|U-turn|p1a: Primarina\n|-damage|p1a: Primarina|69/100\n|-damage|p2b: Incineroar|51/100|[from] item: Rocky Helmet|[of] p1a: Primarina\n|\n|t:|1776791089\n|switch|p2b: Urshifu|Urshifu-Rapid-Strike, L50, M|100/100|[from] U-turn\n|move|p1a: Primarina|Dazzling Gleam|p2a: Miraidon|[spread] p2a,p2b\n|-supereffective|p2a: Miraidon\n|-supereffective|p2b: Urshifu\n|-damage|p2a: Miraidon|8/100\n|-damage|p2b: Urshifu|18/100\n|\n|upkeep\n|turn|4\n|-message|jair bolsonaro pr. forfeited.\n|\n|win|erk7\n|raw|erk7's rating: 1451 &rarr; <strong>1480</strong><br />(+29 for winning)\n|raw|jair bolsonaro pr.'s rating: 1623 &rarr; <strong>1594</strong><br />(-29 for losing)\n|l|\u2606jair bolsonaro pr.\n|player|p2|\n|l|\u2606erk7\n|player|p1|\n","uploadtime":1776791284,"views":11,"formatid":"gen9vgc2026regi","rating":1480,"private":0,"password":null}