{"id":"gen9vgc2026regi-2560374853","format":"[Gen 9] VGC 2026 Reg I","players":["thegreatestgalar","granite blast"],"log":"|j|\u2606thegreatestgalar\n|j|\u2606granite blast\n|t:|1773681687\n|gametype|doubles\n|player|p1|thegreatestgalar|veteran|1463\n|player|p2|granite blast|266|1494\n|gen|9\n|tier|[Gen 9] VGC 2026 Reg I\n|rated|\n|rule|Species Clause: Limit one of each Pok\u00e9mon\n|rule|Item Clause: Limit 1 of each item\n|clearpoke\n|poke|p1|Groudon, L50|\n|poke|p1|Rillaboom, L50, M|\n|poke|p1|Raging Bolt, L50|\n|poke|p1|Jumpluff, L50, M|\n|poke|p1|Lunala, L50|\n|poke|p1|Incineroar, L50, F|\n|poke|p2|Groudon, L50|\n|poke|p2|Calyrex-Shadow, L50|\n|poke|p2|Raging Bolt, L50|\n|poke|p2|Jumpluff, L50, M|\n|poke|p2|Chi-Yu, L50|\n|poke|p2|Rillaboom, L50, M|\n|teampreview|4\n|inactive|Battle timer is ON: inactive players will automatically lose when time's up. (requested by granite blast)\nthegreatestgalar rejected open team sheets.\n|c|\u2606thegreatestgalar|well this is going to be a funny game\n|c|\u2606thegreatestgalar|glhf\n|inactive|thegreatestgalar has 60 seconds left.\n|inactive|granite blast has 60 seconds left.\n|c|\u2606granite blast|sleep powder and pray mirror\n|inactive|granite blast has 30 seconds left.\n|inactive|granite blast has 20 seconds left.\n|c|\u2606thegreatestgalar|exactly. over half our teams are the same\n|\n|t:|1773681762\n|teamsize|p1|4\n|teamsize|p2|4\n|start\n|switch|p1a: Groudon|Groudon, L50|100/100\n|switch|p1b: Jumpluff|Jumpluff, L50, M|100/100\n|switch|p2a: Groudon|Groudon, L50|100/100\n|switch|p2b: Jumpluff|Jumpluff, L50, M|100/100\n|-weather|SunnyDay|[from] ability: Drought|[of] p2a: Groudon\n|turn|1\n|c|\u2606thegreatestgalar|what a legend\n|c|\u2606granite blast|lol yup\n|c|\u2606granite blast|u know ball\n|inactive|granite blast has 30 seconds left.\n|c|\u2606thegreatestgalar|as do you, my friend\n|inactive|granite blast has 20 seconds left.\n|inactive|granite blast has 15 seconds left.\n|inactive|granite blast has 10 seconds left.\n|inactive|granite blast has 5 seconds left.\n|\n|t:|1773681816\n|move|p1a: Groudon|Protect|p1a: Groudon\n|-singleturn|p1a: Groudon|Protect\n|move|p1b: Jumpluff|Tailwind|p1b: Jumpluff\n|-sidestart|p1: thegreatestgalar|move: Tailwind\n|move|p2b: Jumpluff|Sleep Powder|p1a: Groudon\n|-activate|p1a: Groudon|move: Protect\n|move|p2a: Groudon|Heat Crash|p1b: Jumpluff\n|-supereffective|p1b: Jumpluff\n|-crit|p1b: Jumpluff\n|-damage|p1b: Jumpluff|0 fnt\n|faint|p1b: Jumpluff\n|\n|-weather|SunnyDay|[upkeep]\n|upkeep\n|\n|t:|1773681827\n|switch|p1b: Lunala|Lunala, L50|100/100\n|turn|2\n|inactive|granite blast has 30 seconds left.\n|inactive|granite blast has 20 seconds left.\n|inactive|granite blast has 15 seconds left.\n|\n|t:|1773681872\n|-terastallize|p2b: Jumpluff|Water\n|move|p2b: Jumpluff|Encore|p1a: Groudon\n|-start|p1a: Groudon|Encore\n|move|p1b: Lunala|Meteor Beam||[still]\n|-prepare|p1b: Lunala|Meteor Beam\n|-boost|p1b: Lunala|spa|1\n|-enditem|p1b: Lunala|Power Herb\n|-anim|p1b: Lunala|Meteor Beam|p2b: Jumpluff\n|-damage|p2b: Jumpluff|30/100\n|move|p1a: Groudon|Protect|p1a: Groudon\n|-singleturn|p1a: Groudon|Protect\n|move|p2a: Groudon|Precipice Blades|p1b: Lunala|[spread] p1b\n|-activate|p1a: Groudon|move: Protect\n|-damage|p1b: Lunala|79/100\n|\n|-weather|SunnyDay|[upkeep]\n|upkeep\n|turn|3\n|\n|t:|1773681893\n|switch|p1a: Raging Bolt|Raging Bolt, L50|100/100\n|-activate|p1a: Raging Bolt|ability: Protosynthesis\n|-start|p1a: Raging Bolt|protosynthesisspa\n|move|p2b: Jumpluff|Encore|p1b: Lunala\n|-start|p1b: Lunala|Encore\n|move|p1b: Lunala|Meteor Beam||[still]\n|-prepare|p1b: Lunala|Meteor Beam\n|-boost|p1b: Lunala|spa|1\n|move|p2a: Groudon|Precipice Blades|p1a: Raging Bolt|[spread] p1a,p1b\n|-supereffective|p1a: Raging Bolt\n|-damage|p1a: Raging Bolt|7/100\n|-damage|p1b: Lunala|32/100\n|\n|-weather|SunnyDay|[upkeep]\n|upkeep\n|turn|4\n|inactive|granite blast has 30 seconds left.\n|inactive|granite blast has 20 seconds left.\n|\n|t:|1773681930\n|move|p2b: Jumpluff|Sleep Powder|p1a: Raging Bolt|[miss]\n|-miss|p2b: Jumpluff|p1a: Raging Bolt\n|move|p1b: Lunala|Meteor Beam|p2b: Jumpluff|[from] lockedmove|[miss]\n|-miss|p1b: Lunala|p2b: Jumpluff\n|move|p1a: Raging Bolt|Draco Meteor|p2a: Groudon\n|-damage|p2a: Groudon|0 fnt\n|-unboost|p1a: Raging Bolt|spa|2\n|faint|p2a: Groudon\n|-damage|p1a: Raging Bolt|0 fnt|[from] item: Life Orb\n|faint|p1a: Raging Bolt\n|-end|p1a: Raging Bolt|Protosynthesis|[silent]\n|\n|-weather|SunnyDay|[upkeep]\n|-sideend|p1: thegreatestgalar|move: Tailwind\n|upkeep\n|c|\u2606thegreatestgalar|what an interesting turn lol\n|\n|t:|1773681946\n|switch|p2a: Calyrex|Calyrex-Shadow, L50|100/100\n|switch|p1a: Groudon|Groudon, L50|100/100\n|-ability|p2a: Calyrex|As One\n|-ability|p2a: Calyrex|Unnerve\n|turn|5\n|c|\u2606granite blast|what item is bolt\n|c|\u2606granite blast|that did so much\n|c|\u2606thegreatestgalar|life orb\n|c|\u2606granite blast|oh yeah i see\n|c|\u2606granite blast|skippd turn whoops\n|c|\u2606thegreatestgalar|plus proto\n|inactive|granite blast has 30 seconds left.\n|inactive|granite blast has 20 seconds left.\n|inactive|granite blast has 15 seconds left.\n|c|\u2606granite blast|groudon a fake demon since gen 8/9\n|c|\u2606granite blast|heian era merchant\n|inactive|granite blast has 10 seconds left.\n|c|\u2606thegreatestgalar|lmao\n|\n|t:|1773681997\n|move|p2b: Jumpluff|Sleep Powder|p1a: Groudon\n|-status|p1a: Groudon|slp|[from] move: Sleep Powder\n|move|p2a: Calyrex|Astral Barrage|p1b: Lunala|[spread] p1a,p1b\n|-supereffective|p1b: Lunala\n|-damage|p1a: Groudon|55/100 slp\n|-damage|p1b: Lunala|0 fnt\n|faint|p1b: Lunala\n|-ability|p2a: Calyrex|Grim Neigh|boost\n|-boost|p2a: Calyrex|spa|1\n|cant|p1a: Groudon|slp\n|\n|-weather|none\n|upkeep\n|turn|6\n|c|\u2606thegreatestgalar|gg wp\n|-message|thegreatestgalar forfeited.\n|\n|win|granite blast\n|raw|thegreatestgalar's rating: 1463 &rarr; <strong>1445</strong><br />(-18 for losing)\n|raw|granite blast's rating: 1494 &rarr; <strong>1512</strong><br />(+18 for winning)\n|c|\u2606granite blast|gg\n|l|\u2606thegreatestgalar\n|player|p1|\n|l|\u2606granite blast\n|player|p2|\n","uploadtime":1773682160,"views":12,"formatid":"gen9vgc2026regi","rating":1445,"private":0,"password":null}