{"id":"gen9vgc2026regi-2555799657","format":"[Gen 9] VGC 2026 Reg I","players":["drive stone","freegr"],"log":"|j|\u2606drive stone\n|j|\u2606freegr\n|t:|1773138222\n|gametype|doubles\n|player|p1|drive stone|cilan|1581\n|player|p2|freegr|dawn|1554\n|gen|9\n|tier|[Gen 9] VGC 2026 Reg I\n|rated|\n|rule|Species Clause: Limit one of each Pok\u00e9mon\n|rule|Item Clause: Limit 1 of each item\n|clearpoke\n|poke|p1|Calyrex-Ice, L50|\n|poke|p1|Ho-Oh, L50|\n|poke|p1|Overqwil, L50, M|\n|poke|p1|Rillaboom, L50, M|\n|poke|p1|Ting-Lu, L50|\n|poke|p1|Ogerpon-Wellspring, L50, F|\n|poke|p2|Koraidon, L50|\n|poke|p2|Calyrex-Ice, L50|\n|poke|p2|Incineroar, L50, M|\n|poke|p2|Smeargle, L50, F|\n|poke|p2|Rillaboom, L50, M|\n|poke|p2|Landorus, L50, M|\n|teampreview|4\n|inactive|Battle timer is ON: inactive players will automatically lose when time's up. (requested by freegr)\n|\n|t:|1773138252\n|teamsize|p1|4\n|teamsize|p2|4\n|start\n|switch|p1a: Calyrex|Calyrex-Ice, L50|100/100\n|switch|p1b: Ogerpon|Ogerpon-Wellspring, L50, F|100/100\n|switch|p2a: Koraidon|Koraidon, L50, shiny|100/100\n|switch|p2b: Smeargle|Smeargle, L50, F, shiny|100/100\n|-ability|p1a: Calyrex|As One\n|-ability|p1a: Calyrex|Unnerve\n|-weather|SunnyDay|[from] ability: Orichalcum Pulse|[of] p2a: Koraidon\n|-activate|p2a: Koraidon|Orichalcum Pulse|[source]\n|turn|1\n|\n|t:|1773138268\n|-terastallize|p2a: Koraidon|Fire\n|-terastallize|p1a: Calyrex|Water\n|move|p1b: Ogerpon|Follow Me|p1b: Ogerpon\n|-singleturn|p1b: Ogerpon|move: Follow Me\n|move|p2a: Koraidon|Flare Blitz|p1b: Ogerpon\n|-damage|p1b: Ogerpon|0 fnt\n|faint|p1b: Ogerpon\n|-damage|p2a: Koraidon|69/100|[from] Recoil\n|move|p2b: Smeargle|Spore|p1a: Calyrex\n|-status|p1a: Calyrex|slp|[from] move: Spore\n|cant|p1a: Calyrex|slp\n|\n|-weather|SunnyDay|[upkeep]\n|-ability|p2b: Smeargle|Moody|boost\n|-boost|p2b: Smeargle|spe|2\n|-unboost|p2b: Smeargle|spd|1\n|upkeep\n|\n|t:|1773138289\n|switch|p1b: Overqwil|Overqwil, L50, M|100/100\n|-ability|p1b: Overqwil|Intimidate|boost\n|-fail|p2a: Koraidon|unboost|[from] item: Clear Amulet|[of] p2a: Koraidon\n|-unboost|p2b: Smeargle|atk|1\n|turn|2\n|\n|t:|1773138305\n|move|p1b: Overqwil|Protect|p1b: Overqwil\n|-singleturn|p1b: Overqwil|Protect\n|move|p2b: Smeargle|Ruination|p1a: Calyrex\n|-damage|p1a: Calyrex|51/100 slp\n|move|p2a: Koraidon|Collision Course|p1a: Calyrex\n|-damage|p1a: Calyrex|15/100 slp\n|-curestatus|p1a: Calyrex|slp|[msg]\n|move|p1a: Calyrex|Trick Room|p1a: Calyrex\n|-fieldstart|move: Trick Room|[of] p1a: Calyrex\n|\n|-weather|SunnyDay|[upkeep]\n|-heal|p1a: Calyrex|20/100|[from] item: Leftovers\n|-ability|p2b: Smeargle|Moody|boost\n|-boost|p2b: Smeargle|def|2\n|-unboost|p2b: Smeargle|spa|1\n|upkeep\n|turn|3\n|\n|t:|1773138327\n|move|p1a: Calyrex|Glacial Lance|p2a: Koraidon|[spread] p2a,p2b\n|-resisted|p2a: Koraidon\n|-damage|p2a: Koraidon|49/100\n|-damage|p2b: Smeargle|57/100\n|move|p1b: Overqwil|Barb Barrage|p2b: Smeargle\n|-damage|p2b: Smeargle|32/100\n|-status|p2b: Smeargle|psn\n|move|p2a: Koraidon|Collision Course|p1a: Calyrex\n|-crit|p1a: Calyrex\n|-damage|p1a: Calyrex|0 fnt\n|faint|p1a: Calyrex\n|move|p2b: Smeargle|Spore|p1b: Overqwil\n|-status|p1b: Overqwil|slp|[from] move: Spore\n|\n|-weather|SunnyDay|[upkeep]\n|-damage|p2b: Smeargle|20/100 psn|[from] psn\n|-ability|p2b: Smeargle|Moody|boost\n|-boost|p2b: Smeargle|spa|2\n|-unboost|p2b: Smeargle|spe|1\n|upkeep\n|-message|drive stone forfeited.\n|\n|win|freegr\n|raw|drive stone's rating: 1581 &rarr; <strong>1559</strong><br />(-22 for losing)\n|raw|freegr's rating: 1554 &rarr; <strong>1576</strong><br />(+22 for winning)\n|l|\u2606drive stone\n|player|p1|\n|l|\u2606freegr\n|player|p2|\n","uploadtime":1773138553,"views":31,"formatid":"gen9vgc2026regi","rating":1559,"private":0,"password":null}