{"id":"gen9vgc2026regi-2588752970","format":"[Gen 9] VGC 2026 Reg I","players":["roykeenkennedy","Ceraida"],"log":"|j|\u2606roykeenkennedy\n|j|\u2606Ceraida\n|t:|1776666241\n|gametype|doubles\n|player|p1|roykeenkennedy|266|1678\n|player|p2|Ceraida|veteran|1564\n|gen|9\n|tier|[Gen 9] VGC 2026 Reg I\n|rated|\n|rule|Species Clause: Limit one of each Pok\u00e9mon\n|rule|Item Clause: Limit 1 of each item\n|clearpoke\n|poke|p1|Calyrex-Ice, L50|\n|poke|p1|Annihilape, L50, M|\n|poke|p1|Grimmsnarl, L50, M|\n|poke|p1|Sinistcha-Masterpiece, L50|\n|poke|p1|Miraidon, L50|\n|poke|p1|Iron Hands, L50|\n|poke|p2|Calyrex-Shadow, L50|\n|poke|p2|Zamazenta-*, L50|\n|poke|p2|Indeedee-F, L50, F|\n|poke|p2|Volcarona, L50, M|\n|poke|p2|Brute Bonnet, L50|\n|poke|p2|Rillaboom, L50, F|\n|teampreview|4\n|inactive|Battle timer is ON: inactive players will automatically lose when time's up. (requested by Ceraida)\n|\n|t:|1776666300\n|teamsize|p1|4\n|teamsize|p2|4\n|start\n|switch|p1a: Calyrex|Calyrex-Ice, L50|100/100\n|switch|p1b: Annihilape|Annihilape, L50, M|100/100\n|switch|p2a: Calyrex|Calyrex-Shadow, L50|100/100\n|switch|p2b: Indeedee|Indeedee-F, L50, F|100/100\n|-ability|p2a: Calyrex|As One\n|-ability|p2a: Calyrex|Unnerve\n|-ability|p1a: Calyrex|As One\n|-ability|p1a: Calyrex|Unnerve\n|-fieldstart|move: Psychic Terrain|[from] ability: Psychic Surge|[of] p2b: Indeedee\n|turn|1\n|inactive|Ceraida has 30 seconds left.\n|inactive|Ceraida has 20 seconds left.\n|inactive|Ceraida has 15 seconds left.\n|inactive|roykeenkennedy has 30 seconds left.\n|inactive|Ceraida has 10 seconds left.\n|\n|t:|1776666349\n|-terastallize|p2a: Calyrex|Ground\n|-terastallize|p1a: Calyrex|Water\n|move|p2b: Indeedee|Helping Hand|p2a: Calyrex\n|-singleturn|p2a: Calyrex|Helping Hand|[of] p2b: Indeedee\n|move|p1b: Annihilape|Rage Fist|p2a: Calyrex\n|-damage|p2a: Calyrex|73/100\n|move|p2a: Calyrex|Astral Barrage|p1a: Calyrex|[spread] p1a,p1b\n|-supereffective|p1b: Annihilape\n|-damage|p1a: Calyrex|30/100\n|-damage|p1b: Annihilape|0 fnt\n|faint|p1b: Annihilape\n|-ability|p2a: Calyrex|Grim Neigh|boost\n|-boost|p2a: Calyrex|spa|1\n|-damage|p2a: Calyrex|64/100|[from] item: Life Orb\n|move|p1a: Calyrex|Glacial Lance|p2b: Indeedee|[spread] p2a,p2b\n|-supereffective|p2a: Calyrex\n|-damage|p2a: Calyrex|0 fnt\n|-damage|p2b: Indeedee|50/100\n|faint|p2a: Calyrex\n|-ability|p1a: Calyrex|Chilling Neigh|boost\n|-boost|p1a: Calyrex|atk|1\n|\n|upkeep\n|\n|t:|1776666371\n|switch|p2a: Zamazenta|Zamazenta-Crowned, L50|100/100\n|switch|p1b: Miraidon|Miraidon, L50|100/100\n|-ability|p2a: Zamazenta|Dauntless Shield|boost\n|-boost|p2a: Zamazenta|def|1\n|-fieldstart|move: Electric Terrain|[from] ability: Hadron Engine|[of] p1b: Miraidon\n|turn|2\n|\n|t:|1776666383\n|move|p2a: Zamazenta|Protect|p2a: Zamazenta\n|-singleturn|p2a: Zamazenta|Protect\n|move|p2b: Indeedee|Protect|p2b: Indeedee\n|-singleturn|p2b: Indeedee|Protect\n|move|p1a: Calyrex|Protect|p1a: Calyrex\n|-singleturn|p1a: Calyrex|Protect\n|move|p1b: Miraidon|Volt Switch|p2b: Indeedee\n|-activate|p2b: Indeedee|move: Protect\n|\n|upkeep\n|turn|3\n|\n|t:|1776666402\n|switch|p2b: Brute Bonnet|Brute Bonnet, L50|100/100\n|switch|p1a: Iron Hands|Iron Hands, L50|100/100\n|-enditem|p1a: Iron Hands|Electric Seed\n|-boost|p1a: Iron Hands|def|1|[from] item: Electric Seed\n|-activate|p1a: Iron Hands|ability: Quark Drive\n|-start|p1a: Iron Hands|quarkdriveatk\n|move|p2a: Zamazenta|Body Press|p1a: Iron Hands\n|-damage|p1a: Iron Hands|70/100\n|move|p1b: Miraidon|Electro Drift|p2a: Zamazenta\n|-damage|p2a: Zamazenta|25/100\n|\n|upkeep\n|turn|4\n|-message|Ceraida forfeited.\n|\n|win|roykeenkennedy\n|raw|roykeenkennedy's rating: 1678 &rarr; <strong>1692</strong><br />(+14 for winning)\n|raw|Ceraida's rating: 1564 &rarr; <strong>1550</strong><br />(-14 for losing)\n|l|\u2606Ceraida\n|player|p2|\n|l|\u2606roykeenkennedy\n|player|p1|\n","uploadtime":1776666555,"views":30,"formatid":"gen9vgc2026regi","rating":1550,"private":0,"password":null}