{"id":"gen9vgc2026regi-2587294560","format":"[Gen 9] VGC 2026 Reg I","players":["D4RKEVA","JD Pope"],"log":"|j|\u2606D4RKEVA\n|j|\u2606JD Pope\n|t:|1776519229\n|gametype|doubles\n|player|p1|D4RKEVA|265|1538\n|player|p2|JD Pope|266|1541\n|gen|9\n|tier|[Gen 9] VGC 2026 Reg I\n|rated|\n|rule|Species Clause: Limit one of each Pok\u00e9mon\n|rule|Item Clause: Limit 1 of each item\n|clearpoke\n|poke|p1|Lunala, L50|\n|poke|p1|Koraidon, L50|\n|poke|p1|Flutter Mane, L50|\n|poke|p1|Brute Bonnet, L50|\n|poke|p1|Chi-Yu, L50|\n|poke|p1|Ursaluna, L50, F|\n|poke|p2|Calyrex-Shadow, L50|\n|poke|p2|Incineroar, L50, F|\n|poke|p2|Rillaboom, L50, F|\n|poke|p2|Clefairy, L50, M|\n|poke|p2|Urshifu-*, L50, M|\n|poke|p2|Zamazenta-*, L50|\n|teampreview|4\n|inactive|Battle timer is ON: inactive players will automatically lose when time's up. (requested by D4RKEVA)\nD4RKEVA rejected open team sheets.\n|inactive|D4RKEVA has 60 seconds left.\n|inactive|JD Pope has 60 seconds left.\n|inactive|D4RKEVA has 30 seconds left.\n|\n|t:|1776519298\n|teamsize|p1|4\n|teamsize|p2|4\n|start\n|switch|p1a: Clydeon|Koraidon, L50|100/100\n|switch|p1b: Chi-Yu|Chi-Yu, L50|100/100\n|switch|p2a: Calyrex|Calyrex-Shadow, L50|100/100\n|switch|p2b: Incineroar|Incineroar, L50, F|100/100\n|-ability|p2a: Calyrex|As One\n|-ability|p2a: Calyrex|Unnerve\n|-ability|p1b: Chi-Yu|Beads of Ruin\n|-weather|SunnyDay|[from] ability: Orichalcum Pulse|[of] p1a: Clydeon\n|-activate|p1a: Clydeon|Orichalcum Pulse|[source]\n|-ability|p2b: Incineroar|Intimidate|boost\n|-unboost|p1a: Clydeon|atk|1\n|-unboost|p1b: Chi-Yu|atk|1\n|turn|1\n|inactive|JD Pope has 30 seconds left.\n|inactive|JD Pope has 20 seconds left.\n|\n|t:|1776519336\n|-terastallize|p2a: Calyrex|Dark\n|move|p1a: Clydeon|Protect|p1a: Clydeon\n|-singleturn|p1a: Clydeon|Protect\n|move|p2b: Incineroar|Fake Out|p1a: Clydeon\n|-activate|p1a: Clydeon|move: Protect\n|move|p1b: Chi-Yu|Heat Wave|p2b: Incineroar|[spread] p2a,p2b\n|-crit|p2a: Calyrex\n|-resisted|p2b: Incineroar\n|-enditem|p2a: Calyrex|Focus Sash\n|-damage|p2a: Calyrex|1/100\n|-damage|p2b: Incineroar|62/100\n|move|p2a: Calyrex|Astral Barrage|p1a: Clydeon|[spread] p1b\n|-activate|p1a: Clydeon|move: Protect\n|-resisted|p1b: Chi-Yu\n|-damage|p1b: Chi-Yu|68/100\n|\n|-weather|SunnyDay|[upkeep]\n|upkeep\n|turn|2\n|inactive|JD Pope has 30 seconds left.\n|\n|t:|1776519363\n|move|p2a: Calyrex|Protect|p2a: Calyrex\n|-singleturn|p2a: Calyrex|Protect\n|move|p1b: Chi-Yu|Heat Wave|p2a: Calyrex|[spread] p2b\n|-activate|p2a: Calyrex|move: Protect\n|-resisted|p2b: Incineroar\n|-crit|p2b: Incineroar\n|-damage|p2b: Incineroar|3/100\n|move|p1a: Clydeon|Flame Charge|p2b: Incineroar\n|-resisted|p2b: Incineroar\n|-damage|p2b: Incineroar|0 fnt\n|-boost|p1a: Clydeon|spe|1\n|faint|p2b: Incineroar\n|-damage|p1a: Clydeon|91/100|[from] item: Life Orb\n|\n|-weather|SunnyDay|[upkeep]\n|upkeep\n|-message|JD Pope forfeited.\n|\n|win|D4RKEVA\n|raw|D4RKEVA's rating: 1538 &rarr; <strong>1558</strong><br />(+20 for winning)\n|raw|JD Pope's rating: 1541 &rarr; <strong>1521</strong><br />(-20 for losing)\n|l|\u2606JD Pope\n|player|p2|\n|l|\u2606D4RKEVA\n|player|p1|\n","uploadtime":1776519377,"views":88,"formatid":"gen9vgc2026regi","rating":1521,"private":0,"password":null}