{"id":"gen9vgc2026regi-2590735272","format":"[Gen 9] VGC 2026 Reg I","players":["stupid test8","juno48"],"log":"|j|\u2606stupid test8\n|j|\u2606juno48\n|t:|1776841022\n|gametype|doubles\n|player|p1|stupid test8|170|1417\n|player|p2|juno48|265|1413\n|gen|9\n|tier|[Gen 9] VGC 2026 Reg I\n|rated|\n|rule|Species Clause: Limit one of each Pok\u00e9mon\n|rule|Item Clause: Limit 1 of each item\n|clearpoke\n|poke|p1|Lugia, L50|\n|poke|p1|Kyogre, L50|\n|poke|p1|Urshifu-*, L50, F|\n|poke|p1|Chien-Pao, L50|\n|poke|p1|Farigiraf, L50, F|\n|poke|p1|Rillaboom, L50, M|\n|poke|p2|Koraidon, L50|\n|poke|p2|Calyrex-Shadow, L50|\n|poke|p2|Landorus, L50, M|\n|poke|p2|Incineroar, L50, M|\n|poke|p2|Brute Bonnet, L50|\n|poke|p2|Raging Bolt, L50|\n|teampreview|4\n|\n|t:|1776841080\n|teamsize|p1|4\n|teamsize|p2|4\n|start\n|switch|p1a: Lugia|Lugia, L50|100/100\n|switch|p1b: Urshifu|Urshifu-Rapid-Strike, L50, F|100/100\n|switch|p2a: Brute Bonnet|Brute Bonnet, L50|100/100\n|switch|p2b: Raging Bolt|Raging Bolt, L50|100/100\n|turn|1\n|\n|t:|1776841123\n|-terastallize|p1a: Lugia|Grass\n|-terastallize|p2a: Brute Bonnet|Water\n|move|p1b: Urshifu|U-turn|p1a: Lugia\n|-supereffective|p1a: Lugia\n|-damage|p1a: Lugia|81/100\n|-enditem|p1a: Lugia|Weakness Policy\n|-boost|p1a: Lugia|atk|2|[from] item: Weakness Policy\n|-boost|p1a: Lugia|spa|2|[from] item: Weakness Policy\n|\n|t:|1776841131\n|switch|p1b: Chien-Pao|Chien-Pao, L50|100/100|[from] U-turn\n|-ability|p1b: Chien-Pao|Sword of Ruin\n|move|p1a: Lugia|Aeroblast|p2a: Brute Bonnet\n|-damage|p2a: Brute Bonnet|24/100\n|move|p2b: Raging Bolt|Thunderbolt|p1a: Lugia\n|-resisted|p1a: Lugia\n|-damage|p1a: Lugia|63/100\n|-status|p1a: Lugia|par\n|move|p2a: Brute Bonnet|Spore|p1b: Chien-Pao\n|-status|p1b: Chien-Pao|slp|[from] move: Spore\n|\n|upkeep\n|turn|2\n|-message|stupid test8 forfeited.\n|\n|win|juno48\n|raw|stupid test8's rating: 1417 &rarr; <strong>1397</strong><br />(-20 for losing)\n|raw|juno48's rating: 1413 &rarr; <strong>1433</strong><br />(+20 for winning)\n|l|\u2606stupid test8\n|player|p1|\n|l|\u2606juno48\n|player|p2|\n","uploadtime":1776841388,"views":9,"formatid":"gen9vgc2026regi","rating":1397,"private":0,"password":null}