{"id":"gen9vgc2026regi-2550026969","format":"[Gen 9] VGC 2026 Reg I","players":["Schimmli","EllenJoe2026"],"log":"|j|\u2606Schimmli\n|j|\u2606EllenJoe2026\n|t:|1772444010\n|gametype|doubles\n|player|p1|Schimmli|2|1479\n|player|p2|EllenJoe2026|iono|1478\n|gen|9\n|tier|[Gen 9] VGC 2026 Reg I\n|rated|\n|rule|Species Clause: Limit one of each Pok\u00e9mon\n|rule|Item Clause: Limit 1 of each item\n|clearpoke\n|poke|p1|Calyrex-Ice, L50|\n|poke|p1|Groudon, L50|\n|poke|p1|Raging Bolt, L50|\n|poke|p1|Smeargle, L50, F|\n|poke|p1|Flutter Mane, L50|\n|poke|p1|Chi-Yu, L50|\n|poke|p2|Calyrex-Shadow, L50|\n|poke|p2|Zamazenta-*, L50|\n|poke|p2|Incineroar, L50, F|\n|poke|p2|Rillaboom, L50, F|\n|poke|p2|Smeargle, L50, F|\n|poke|p2|Tornadus, L50, M|\n|teampreview|4\n|inactive|Battle timer is ON: inactive players will automatically lose when time's up. (requested by EllenJoe2026)\n|inactive|EllenJoe2026 has 60 seconds left.\n|\n|t:|1772444059\n|teamsize|p1|4\n|teamsize|p2|4\n|start\n|switch|p1a: Groudon|Groudon, L50|100/100\n|switch|p1b: Smeargle|Smeargle, L50, F|100/100\n|switch|p2a: Zamazenta|Zamazenta-Crowned, L50, shiny|100/100\n|switch|p2b: Tornadus|Tornadus, L50, M, shiny|100/100\n|-ability|p2a: Zamazenta|Dauntless Shield|boost\n|-boost|p2a: Zamazenta|def|1\n|-weather|SunnyDay|[from] ability: Drought|[of] p1a: Groudon\n|turn|1\n|inactive|Schimmli has 30 seconds left.\n|\n|t:|1772444088\n|-terastallize|p2a: Zamazenta|Grass\n|move|p2b: Tornadus|Rain Dance|p2b: Tornadus\n|-weather|RainDance\n|move|p2a: Zamazenta|Body Press|p1b: Smeargle\n|-supereffective|p1b: Smeargle\n|-enditem|p1b: Smeargle|Focus Sash\n|-damage|p1b: Smeargle|1/100\n|move|p1b: Smeargle|Decorate|p1a: Groudon\n|-boost|p1a: Groudon|atk|2\n|-boost|p1a: Groudon|spa|2\n|move|p1a: Groudon|High Horsepower|p2a: Zamazenta\n|-resisted|p2a: Zamazenta\n|-damage|p2a: Zamazenta|81/100\n|\n|-weather|RainDance|[upkeep]\n|-ability|p1b: Smeargle|Moody|boost\n|-boost|p1b: Smeargle|spd|2\n|-unboost|p1b: Smeargle|spe|1\n|upkeep\n|turn|2\n|\n|t:|1772444112\n|move|p2a: Zamazenta|Body Press|p1a: Groudon\n|-damage|p1a: Groudon|53/100\n|move|p2b: Tornadus|Bleakwind Storm|p1a: Groudon|[spread] p1a,p1b\n|-damage|p1a: Groudon|32/100\n|-damage|p1b: Smeargle|0 fnt\n|faint|p1b: Smeargle\n|move|p1a: Groudon|Rock Slide|p2a: Zamazenta|[spread] p2a,p2b\n|-supereffective|p2b: Tornadus\n|-damage|p2a: Zamazenta|67/100\n|-damage|p2b: Tornadus|5/100\n|\n|-weather|RainDance|[upkeep]\n|upkeep\n|\n|t:|1772444133\n|switch|p1b: Chi-Yu|Chi-Yu, L50|100/100\n|-ability|p1b: Chi-Yu|Beads of Ruin\n|turn|3\n|\n|t:|1772444153\n|-terastallize|p1b: Chi-Yu|Ghost\n|move|p2a: Zamazenta|Protect|p2a: Zamazenta\n|-singleturn|p2a: Zamazenta|Protect\n|move|p2b: Tornadus|Tailwind|p2b: Tornadus\n|-sidestart|p2: EllenJoe2026|move: Tailwind\n|move|p1b: Chi-Yu|Heat Wave|p2b: Tornadus|[spread] p2b\n|-activate|p2a: Zamazenta|move: Protect\n|-damage|p2b: Tornadus|0 fnt\n|faint|p2b: Tornadus\n|move|p1a: Groudon|High Horsepower|p2a: Zamazenta\n|-activate|p2a: Zamazenta|move: Protect\n|\n|-weather|RainDance|[upkeep]\n|upkeep\n|\n|t:|1772444157\n|switch|p2b: Calyrex|Calyrex-Shadow, L50|100/100\n|-ability|p2b: Calyrex|As One\n|-ability|p2b: Calyrex|Unnerve\n|turn|4\n|\n|t:|1772444171\n|move|p2b: Calyrex|Astral Barrage|p1b: Chi-Yu|[spread] p1a,p1b\n|-supereffective|p1b: Chi-Yu\n|-damage|p1a: Groudon|0 fnt\n|-damage|p1b: Chi-Yu|0 fnt\n|faint|p1a: Groudon\n|faint|p1b: Chi-Yu\n|-ability|p2b: Calyrex|Grim Neigh|boost\n|-boost|p2b: Calyrex|spa|2\n|move|p2a: Zamazenta|Heavy Slam|p1: Groudon|[notarget]\n|-fail|p2a: Zamazenta\n|\n|-weather|RainDance|[upkeep]\n|upkeep\n|-message|Schimmli forfeited.\n|\n|win|EllenJoe2026\n|raw|Schimmli's rating: 1479 &rarr; <strong>1459</strong><br />(-20 for losing)\n|raw|EllenJoe2026's rating: 1478 &rarr; <strong>1498</strong><br />(+20 for winning)\n|l|\u2606Schimmli\n|player|p1|\n|l|\u2606EllenJoe2026\n|player|p2|\n","uploadtime":1772444338,"views":15,"formatid":"gen9vgc2026regi","rating":1459,"private":0,"password":null}