{"id":"gen9vgc2026regi-2552127786","format":"[Gen 9] VGC 2026 Reg I","players":["StosMac33","Cello L."],"log":"|j|\u2606StosMac33\n|j|\u2606Cello L.\n|t:|1772678738\n|gametype|doubles\n|player|p1|StosMac33|dawn|1361\n|player|p2|Cello L.|psychic-gen4|1481\n|gen|9\n|tier|[Gen 9] VGC 2026 Reg I\n|rated|\n|rule|Species Clause: Limit one of each Pok\u00e9mon\n|rule|Item Clause: Limit 1 of each item\n|clearpoke\n|poke|p1|Farigiraf, L50, F|\n|poke|p1|Miraidon, L50|\n|poke|p1|Furret, L50, F|\n|poke|p1|Clefairy, L50, F|\n|poke|p1|Ogerpon-Cornerstone, L50, F|\n|poke|p1|Calyrex-Shadow, L50|\n|poke|p2|Calyrex-Shadow, L50|\n|poke|p2|Zamazenta-*, L50|\n|poke|p2|Raging Bolt, L50|\n|poke|p2|Rillaboom, L50, F|\n|poke|p2|Incineroar, L50, F|\n|poke|p2|Amoonguss, L50, F|\n|teampreview|4\n|inactive|Battle timer is ON: inactive players will automatically lose when time's up. (requested by StosMac33)\n|inactive|StosMac33 has 60 seconds left.\n|\n|t:|1772678796\n|teamsize|p1|4\n|teamsize|p2|4\n|start\n|switch|p1a: Calyrex|Calyrex-Shadow, L50|100/100\n|switch|p1b: Ogerpon|Ogerpon-Cornerstone, L50, F|100/100\n|switch|p2a: Calyrex|Calyrex-Shadow, L50|100/100\n|switch|p2b: Zamazenta|Zamazenta-Crowned, L50|100/100\n|-ability|p1a: Calyrex|As One\n|-ability|p1a: Calyrex|Unnerve\n|-ability|p2a: Calyrex|As One\n|-ability|p2a: Calyrex|Unnerve\n|-ability|p2b: Zamazenta|Dauntless Shield|boost\n|-boost|p2b: Zamazenta|def|1\n|turn|1\n|\n|t:|1772678818\n|-terastallize|p2a: Calyrex|Dark\n|move|p1a: Calyrex|Protect|p1a: Calyrex\n|-singleturn|p1a: Calyrex|Protect\n|move|p2b: Zamazenta|Wide Guard|p2b: Zamazenta\n|-singleturn|p2b: Zamazenta|Wide Guard\n|move|p2a: Calyrex|Astral Barrage|p1a: Calyrex|[spread] p1b\n|-activate|p1a: Calyrex|move: Protect\n|-damage|p1b: Ogerpon|18/100\n|-damage|p2a: Calyrex|91/100|[from] item: Life Orb\n|move|p1b: Ogerpon|Taunt|p2b: Zamazenta\n|-start|p2b: Zamazenta|move: Taunt\n|\n|upkeep\n|turn|2\n|inactive|StosMac33 has 30 seconds left.\n|inactive|StosMac33 has 20 seconds left.\n|\n|t:|1772678856\n|-terastallize|p1a: Calyrex|Ghost\n|move|p1b: Ogerpon|Follow Me|p1b: Ogerpon\n|-singleturn|p1b: Ogerpon|move: Follow Me\n|move|p2a: Calyrex|Astral Barrage|p1b: Ogerpon|[spread] p1a,p1b\n|-supereffective|p1a: Calyrex\n|-damage|p1a: Calyrex|0 fnt\n|-damage|p1b: Ogerpon|0 fnt\n|faint|p1a: Calyrex\n|faint|p1b: Ogerpon\n|-ability|p2a: Calyrex|Grim Neigh|boost\n|-boost|p2a: Calyrex|spa|2\n|-damage|p2a: Calyrex|81/100|[from] item: Life Orb\n|move|p2b: Zamazenta|Body Press|p1: Calyrex|[notarget]\n|-fail|p2b: Zamazenta\n|\n|upkeep\n|inactive|StosMac33 has 30 seconds left.\n|inactive|StosMac33 has 20 seconds left.\n|inactive|StosMac33 has 15 seconds left.\n|inactive|StosMac33 has 10 seconds left.\n|inactive|StosMac33 has 5 seconds left.\n|\n|t:|1772678911\n|switch|p1a: Furret|Furret, L50, F|100/100\n|switch|p1b: Farigiraf|Farigiraf, L50, F|100/100\n|-item|p2a: Calyrex|Life Orb|[from] ability: Frisk|[of] p1a: Furret\n|-item|p2b: Zamazenta|Rusted Shield|[from] ability: Frisk|[of] p1a: Furret\n|turn|3\n|inactive|StosMac33 has 30 seconds left.\n|inactive|StosMac33 has 20 seconds left.\n|inactive|StosMac33 has 15 seconds left.\n|inactive|StosMac33 has 10 seconds left.\n|inactive|StosMac33 has 5 seconds left.\n|\n|t:|1772678967\n|move|p1b: Farigiraf|Ally Switch|p1b: Farigiraf\n|swap|p1b: Farigiraf|0|[from] move: Ally Switch\n|move|p1b: Furret|Sucker Punch|p2a: Calyrex\n|-resisted|p2a: Calyrex\n|-damage|p2a: Calyrex|76/100\n|move|p2a: Calyrex|Psychic|p1b: Furret\n|-damage|p1b: Furret|0 fnt\n|faint|p1b: Furret\n|-ability|p2a: Calyrex|Grim Neigh|boost\n|-boost|p2a: Calyrex|spa|1\n|-damage|p2a: Calyrex|67/100|[from] item: Life Orb\n|move|p2b: Zamazenta|Body Press|p1a: Farigiraf\n|-damage|p1a: Farigiraf|30/100\n|\n|upkeep\n|turn|4\n|inactive|StosMac33 has 30 seconds left.\n|inactive|StosMac33 has 20 seconds left.\n|inactive|StosMac33 has 15 seconds left.\n|inactive|StosMac33 has 10 seconds left.\n|inactive|StosMac33 has 5 seconds left.\n|\n|t:|1772679022\n|move|p1a: Farigiraf|Ally Switch||[still]\n|-fail|p1a: Farigiraf\n|move|p2a: Calyrex|Psychic|p1a: Farigiraf\n|-resisted|p1a: Farigiraf\n|-damage|p1a: Farigiraf|0 fnt\n|faint|p1a: Farigiraf\n|-damage|p2a: Calyrex|57/100|[from] item: Life Orb\n|\n|win|Cello L.\n|raw|StosMac33's rating: 1361 &rarr; <strong>1348</strong><br />(-13 for losing)\n|raw|Cello L.'s rating: 1481 &rarr; <strong>1494</strong><br />(+13 for winning)\n|l|\u2606Cello L.\n|player|p2|\n|l|\u2606StosMac33\n|player|p1|\n","uploadtime":1772679026,"views":12,"formatid":"gen9vgc2026regi","rating":1348,"private":0,"password":null}