{"id":"gen9vgc2026regi-2528350738","format":"[Gen 9] VGC 2026 Reg I","players":["zonavideovigilada","AlZombie"],"log":"|j|\u2606zonavideovigilada\n|j|\u2606AlZombie\n|t:|1769645162\n|gametype|doubles\n|player|p1|zonavideovigilada|101|1473\n|player|p2|AlZombie|102|1402\n|gen|9\n|tier|[Gen 9] VGC 2026 Reg I\n|rated|\n|rule|Species Clause: Limit one of each Pok\u00e9mon\n|rule|Item Clause: Limit 1 of each item\n|clearpoke\n|poke|p1|Calyrex-Shadow, L50|\n|poke|p1|Zamazenta-*, L50|\n|poke|p1|Amoonguss, L50, M|\n|poke|p1|Chi-Yu, L50|\n|poke|p1|Rillaboom, L50, M|\n|poke|p1|Chien-Pao, L50|\n|poke|p2|Lunala, L50|\n|poke|p2|Ursaluna, L50, F|\n|poke|p2|Urshifu-*, L50, M|\n|poke|p2|Miraidon, L50|\n|poke|p2|Grimmsnarl, L50, M|\n|poke|p2|Incineroar, L50, M|\n|teampreview|4\n|inactive|Battle timer is ON: inactive players will automatically lose when time's up. (requested by zonavideovigilada)\n|\n|t:|1769645197\n|teamsize|p1|4\n|teamsize|p2|4\n|start\n|switch|p1a: Calyrex|Calyrex-Shadow, L50|100/100\n|switch|p1b: Zamazenta|Zamazenta-Crowned, L50|100/100\n|switch|p2a: Miraidon|Miraidon, L50|100/100\n|switch|p2b: Lunala|Lunala, L50|100/100\n|-ability|p1a: Calyrex|As One\n|-ability|p1a: Calyrex|Unnerve\n|-ability|p1b: Zamazenta|Dauntless Shield|boost\n|-boost|p1b: Zamazenta|def|1\n|-fieldstart|move: Electric Terrain|[from] ability: Hadron Engine|[of] p2a: Miraidon\n|-enditem|p2b: Lunala|Electric Seed\n|-boost|p2b: Lunala|def|1|[from] item: Electric Seed\n|turn|1\n|j| here's where king!\n|inactive|AlZombie has 30 seconds left.\n|\n|t:|1769645225\n|-terastallize|p2b: Lunala|Fairy\n|move|p1a: Calyrex|Protect|p1a: Calyrex\n|-singleturn|p1a: Calyrex|Protect\n|move|p1b: Zamazenta|Protect|p1b: Zamazenta\n|-singleturn|p1b: Zamazenta|Protect\n|move|p2a: Miraidon|Snarl|p1a: Calyrex|[spread] \n|-activate|p1a: Calyrex|move: Protect\n|-activate|p1b: Zamazenta|move: Protect\n|move|p2b: Lunala|Moonblast|p1b: Zamazenta\n|-activate|p1b: Zamazenta|move: Protect\n|\n|upkeep\n|turn|2\n|\n|t:|1769645242\n|switch|p1a: Rillaboom|Rillaboom, L50, M|100/100\n|-fieldstart|move: Grassy Terrain|[from] ability: Grassy Surge|[of] p1a: Rillaboom\n|move|p2b: Lunala|Wide Guard|p2b: Lunala\n|-singleturn|p2b: Lunala|Wide Guard\n|move|p1b: Zamazenta|Body Press|p2a: Miraidon\n|-damage|p2a: Miraidon|46/100\n|move|p2a: Miraidon|Volt Switch|p1b: Zamazenta\n|-damage|p1b: Zamazenta|73/100\n|\n|t:|1769645255\n|switch|p2a: Ursaluna|Ursaluna, L50, F|100/100|[from] Volt Switch\n|\n|-heal|p1b: Zamazenta|79/100|[from] Grassy Terrain\n|-status|p2a: Ursaluna|brn|[from] item: Flame Orb\n|upkeep\n|turn|3\n|\n|t:|1769645271\n|move|p2a: Ursaluna|Protect|p2a: Ursaluna\n|-singleturn|p2a: Ursaluna|Protect\n|move|p1b: Zamazenta|Heavy Slam|p2b: Lunala\n|-supereffective|p2b: Lunala\n|-damage|p2b: Lunala|81/100\n|move|p1a: Rillaboom|Wood Hammer|p2b: Lunala\n|-damage|p2b: Lunala|36/100\n|-damage|p1a: Rillaboom|84/100|[from] Recoil\n|move|p2b: Lunala|Trick Room|p2b: Lunala\n|-fieldstart|move: Trick Room|[of] p2b: Lunala\n|\n|-heal|p1a: Rillaboom|90/100|[from] Grassy Terrain\n|-heal|p2b: Lunala|42/100|[from] Grassy Terrain\n|-heal|p1b: Zamazenta|85/100|[from] Grassy Terrain\n|-damage|p2a: Ursaluna|95/100 brn|[from] brn\n|upkeep\n|turn|4\n|\n|t:|1769645293\n|move|p2b: Lunala|Wide Guard|p2b: Lunala\n|-singleturn|p2b: Lunala|Wide Guard\n|move|p2a: Ursaluna|Earthquake|p1a: Rillaboom|[spread] p1a,p1b\n|-activate|p2b: Lunala|move: Wide Guard\n|-resisted|p1a: Rillaboom\n|-supereffective|p1b: Zamazenta\n|-damage|p1a: Rillaboom|74/100\n|-damage|p1b: Zamazenta|60/100\n|move|p1a: Rillaboom|Wood Hammer|p2a: Ursaluna\n|-supereffective|p2a: Ursaluna\n|-damage|p2a: Ursaluna|0 fnt\n|faint|p2a: Ursaluna\n|-damage|p1a: Rillaboom|41/100|[from] Recoil\n|move|p1b: Zamazenta|Body Press|p2b: Lunala\n|-resisted|p2b: Lunala\n|-damage|p2b: Lunala|25/100\n|\n|-heal|p1a: Rillaboom|47/100|[from] Grassy Terrain\n|-heal|p2b: Lunala|31/100|[from] Grassy Terrain\n|-heal|p1b: Zamazenta|67/100|[from] Grassy Terrain\n|upkeep\n|-message|AlZombie forfeited.\n|\n|win|zonavideovigilada\n|raw|zonavideovigilada's rating: 1473 &rarr; <strong>1489</strong><br />(+16 for winning)\n|raw|AlZombie's rating: 1402 &rarr; <strong>1386</strong><br />(-16 for losing)\n|l|\u2606AlZombie\n|player|p2|\n|l|\u2606zonavideovigilada\n|player|p1|\n","uploadtime":1769645446,"views":13,"formatid":"gen9vgc2026regi","rating":1386,"private":0,"password":null}